2100 3882
137 114 244 177 554
324 123 671 191 Gnanmmu.
791 125 1152 182 0050311110
1191 148 1603 199 011000111οκ01-
1642 152 2012 190 oecononum.

385 395 782 442 OBSERVATIO
831 400 1187 447 GEOPONICA
1226 405 1306 449 ET
1350 404 1779 451 OECONOMICA.

284 566 635 632 Posteaquam
668 568 1071 620 examinavimus
1094 608 1106 630 ,
1159 590 1259 639 qua
1296 573 1501 622 ratione
1542 573 1597 622 in
1636 573 1861 623 Brasilia
1887 590 2014 640 Agra·

147 633 286 683 mina
317 634 557 700 dispersa
587 637 720 696 sint,
779 638 973 687 docere
1008 641 1140 705 jam,
1183 643 1445 708 quomodo
1475 654 1526 691 et
1557 661 1655 709 qua
1681 644 1887 693 ratione
1919 644 2011 693 ali-

148 715 278 769 quot
305 722 487 753 eorum
519 706 573 753 in
611 707 700 755 illa
733 718 874 756 terra
905 710 1144 759 colantur
1178 723 1230 759 et
1260 730 1411 778 quem
1445 713 1509 761 ad
1544 731 1692 761 usum
1729 713 2012 767 adhibeam.-

145 784 259 833 tur,
308 791 529 824 necesse
581 788 677 825 est.
764 782 822 827 In
852 795 950 844 qua
989 797 1046 828 re
1082 781 1210 829 haec
1249 784 1351 831 duo
1382 782 1511 830 mihi
1542 782 1885 848 proponenda
1916 800 2013 848 pu-

145 847 280 905 tavi,
317 845 543 912 primum
585 858 642 895 ut
677 848 866 897 lectori
908 862 1284 909 monstrarem,
1326 869 1455 918 quae
1486 870 1666 900 eorum
1692 852 1746 900 in
1776 852 1882 900 illis
1905 863 2013 901 ter-

144 917 222 967 ris
262 927 403 965 esset
445 918 680 977 cultura,
741 918 931 967 deinde
981 931 1038 967 ut
1096 922 1372 968 nonnullas
1427 921 1712 987 adjicerem
1762 922 2014 972 observa-

143 988 317 1039 tiones
340 1021 352 1043 ,
397 1004 529 1052 quae
564 986 629 1036 ad
667 988 1085 1038 emendationem
1128 990 1212 1038 rei
1247 990 1476 1039 rusticae
1523 1003 1609 1040 aut
1639 992 2012 1042 oeconomicae

142 1056 431 1128 pertinent.

282 1129 320 1174 I.
372 1125 627 1176 Maximus
664 1127 953 1193 graminum
987 1146 1109 1176 usus
1146 1128 1200 1176 in
1241 1146 1303 1178 00
1333 1131 1538 1196 positus
1570 1142 1678 1188 est,
1733 1129 1875 1197 quod
1914 1129 2009 1178 ho-

143 1197 374 1247 minibus
402 1210 454 1246 et
484 1196 670 1246 bestiis
696 1198 937 1246 alimenta
964 1198 1250 1264 praebent,
1313 1199 1541 1266 ideoque
1581 1201 1865 1249 conveniet
1906 1199 2008 1250 hoc

141 1267 369 1335 primum
422 1283 689 1333 exponere
734 1280 888 1334 atque
934 1269 1173 1334 incipere
1206 1288 1231 1316 a
1264 1271 1386 1318 Zea
1425 1270 1681 1336 Mayde‚
1722 1271 1869 1335 cujus
1900 1271 2008 1318 cul-

141 1351 257 1388 tura
287 1355 441 1403 supra
480 1348 641 1386 totam
674 1338 977 1399 Brasiliam‚
1028 1338 1092 1386 ab
1129 1339 1430 1406 Aequatore
1472 1357 1636 1407 usque
1666 1339 1730 1388 ad
1757 1339 2009 1388 meridio-

143 1409 290 1459 nales
330 1407 539 1473 imperii
575 1404 732 1464 fines,
786 1419 1001 1456 extensa
1035 1418 1133 1460 est.

284 1477 438 1526 Haud
472 1476 683 1525 dubium
707 1489 817 1536 est,
858 1477 982 1544 quin
1009 1480 1089 1526 Ze
1108 1497 1135 1526 a
1162 1481 1302 1546 May
1320 1497 1343 1527 5
1366 1479 1539 1545 planta
1573 1481 1638 1528 sit
1669 1496 1793 1528 vere
1821 1479 2012 1527 ameri-

144 1564 289 1600 cana.
361 1549 490 1595 Nam
523 1546 872 1612 antiquissimi
897 1559 1167 1607 auctores,
1222 1550 1311 1616 qui
1342 1549 1475 1599 hane
1514 1550 1893 1598 occidentalem
1924 1566 2011 1596 or-

142 1616 226 1666 bis
251 1628 452 1683 partem
476 1617 537 1665 ab
571 1617 824 1683 Hispanis
854 1629 1196 1684 expugnatam
1234 1620 1388 1668 nobis
1423 1631 1668 1677 narrant,
1727 1631 1783 1667 ut
1816 1635 2009 1668 Ganza-

143 1703 273 1736 LOSA
310 1706 382 1735 DE
420 1705 485 1735 LA
523 1703 693 1745 vEGA,
731 1704 828 1735 nos
869 1688 1128 1737 certiores
1166 1690 1393 1746 faciunt,
1445 1689 1839 1739 Autochthonas
1885 1699 2009 1738 tunc

137 1756 403 1823 temporis,
432 1756 671 1822 May‘dem
699 1757 958 1817 coluisse,
1002 1757 1112 1824 ejus
1154 1776 1311 1826 grana
1342 1771 1427 1808 aut
1463 1759 1598 1807 frixa
1642 1770 1726 1808 aut
1760 1758 1815 1806 in
1857 1776 2005 1824 aqua,

91 1872 95 1876 .
140 1827 276 1877 lacte
304 1845 362 1877 ac
391 1828 544 1875 melle
583 1838 730 1876 cocta
765 1840 848 1876 aut
871 1828 1140 1894 placentae
1172 1830 1350 1895 specie
1383 1828 1585 1890 edisse,
1626 1840 1780 1895 atque
1810 1830 2007 1876 Perua-

143 1914 242 1945 nos
291 1908 599 1963 expressum
646 1897 1169 1947 succu1n·densando
1204 1899 1505 1951 saccharum
1541 1898 1800 1965 quoddam
1829 1908 2012 1946 nactos

144 1984 290 2026 esse,
330 1984 436 2015 non
473 1984 623 2016 secus
652 1983 710 2015 ac
732 1983 793 2014 ex
814 1968 1125 2018 fermentata
1153 1968 1465 2018 decoctione
1498 1967 1824 2026 cerevisiam,
1857 1985 2011 2035 quam

146 2035 311 2086 Cicha
362 2036 574 2094 dicunt,
634 2049 1014 2102 compararent.
1086 2038 1202 2087 Illas
1251 2039 1376 2087 altas
1419 2037 1837 2105 regiones-juxta
1871 2054 2012 2103 mag-

141 2125 267 2156 num
305 2108 472 2156 lacum
521 2102 761 2153 Titicaca
782 2144 795 2166 ‚
851 2108 916 2156 ad
941 2125 1095 2174 quem
1126 2119 1331 2157 montes
1363 2105 1709 2155 Chimborazn
1750 2108 1868 2173 ipso
1891 2143 1903 2165 ,
1955 2116 2012 2154 ut

141 2176 294 2227 testis
329 2188 409 2225 est
448 2193 834 2235 PENTLANDUS‚
870 2178 1135 2227 excellens
1174 2177 1572 2244 peregrinator,
1625 2176 1897 2226 altitudine
1925 2194 2010 2225 su-

140 2247 382 2315 periores
430 2263 487 2294 se
529 2245 745 2304 tollunt,
814 2247 868 2295 in
913 2247 1101 2313 quibus
1135 2248 1302 2314 prisci
1339 2248 1636 2313 splendoris
1674 2257 2007 2294 monumenta

138 2317 341 2385 primae
367 2315 692 2364 americanae
733 2317 966 2365 culturae
998 2317 1308 2366 incunabula
1340 2317 1575 2367 indicare
1618 2317 1888 2375 videntur,
1926 2332 2008 2364 se-

144 2388 240 2436 des
287 2402 430 2443 esse,
483 2385 621 2434 unde
662 2385 886 2451 primum
925 2386 1076 2435 istius
1120 2388 1263 2435 utilis
1303 2387 1555 2436 frumenti
1600 2388 1800 2435 cultura
1851 2402 2011 2451 supra

140 2469 310 2507 terras
341 2455 770 2519 Septentrionem
797 2474 983 2505 versus
1013 2457 1135 2505 sitas
1167 2474 1225 2506 ac
1261 2458 1537 2506 Brasiliam
1566 2474 1685 2506 sese
1714 2454 2004 2513 diffuderit,

139 2525 447 2580 verosimile
482 2536 575 2573 cst.
652 2525 806 2573 Haud
835 2526 1048 2593 quidem
1072 2526 1264 2593 ignoro
1286 2562 1298 2584 ,
1335 2527 1513 2592 plures
1557 2544 1674 2575 esse
1714 2526 2007 2591 scriptores

145 2596 238 2664 qui
277 2597 466 2644 Zeam
511 2595 565 2642 in
604 2595 828 2643 Brasilia
868 2613 1077 2662 quoque
1112 2613 1358 2646 crescere
1389 2596 1796 2658 contenderint3
1836 2595 2009 2643 denuo

143 2677 312 2715 autem
342 2664 624 2713 dicendum
652 2664 778 2712 1111111
806 2677 917 2725 est,
970 2665 1110 2731 quod
1149 2665 1250 2731 jam
1293 2683 1448 2732 supra
1481 2665 1858 2724 animadverti,
1907 2680 2007 2713 nec

141 2753 224 2784 me
249 2752 348 2784 nec
381 2735 565 2794 alium,
608 2746 852 2801 quantum
877 2735 987 2784 scio
1007 2772 1018 2794 ,
1058 2736 1383 2792 botanicum,
1427 2753 1537 2784 eam
1567 2752 1733 2802 usque
1766 2735 2006 2784 locorum

142 2805 414 2854 invenisse
446 2815 633 2869 sponte
662 2816 1008 2853 crescentem.
1082 2807 1226 2855 Haec
1265 2806 1436 2871 planta
1472 2806 1625 2854 etiam
1659 2822 1722 2853 ex
1754 2804 2007 2870 magnitu-

143 2874 267 2922 dine
300 2874 555 2922 seminum
593 2875 922 2941 mollitieque
958 2892 1062 2922 non
1099 2876 1168 2923 ita
1202 2891 1497 2940 comparata
1527 2892 1643 2923 esse
1674 2873 1911 2932 videtur,
1951 2883 2010 2921 ut

140 2944 328 2993 iisdem
360 2943 558 3004 modis,
609 2945 793 3010 quibus
817 2945 1105 3010 plantarum
1132 2945 1326 2993 semina
1356 2945 1594 3009 dispergi
1625 2945 1824 3002 solent,
1866 2943 2005 2992 scili-

146 3025 234 3065 cet
265 3023 457 3067 vento,
496 3011 741 3062 fluctibus
778 3026 863 3062 aut
886 3014 1096 3072 avibus,
1139 3031 1201 3062 ex
1244 3015 1407 3078 patria
1444 3013 1704 3080 primitiva
1745 3013 1800 3060 111
1836 3023 2009 3061 caete-

143 3103 230 3136 ras
250 3082 522 3131 Americae
548 3082 904 3132 meridionalis
934 3084 1182 3150 regiones
1209 3083 1431 3132 diffundi
1470 3084 1729 3148 potuerit3
1761 3100 1877 3131 nam
1893 3099 2010 3148 gra-

144 3155 261 3206 vius
290 3163 370 3200 est
390 3168 596 3210 semen,
638 3169 786 3218 quarn
819 3164 871 3201 ut
896 3165 1051 3201 vento
1072 3153 1368 3214 auferatur,
1421 3164 1472 3200 et
1502 3153 1735 3212 mollius,
1777 3169 1929 3219 quam
1954 3163 2008 3200 ut

147 3238 310 3292 aquae
331 3218 605 3287 perllnviis
631 3222 959 3287 germinandi
975 3223 1269 3272 facultatem
1297 3234 1593 3279 conservet,
1623 3235 1776 3288 atque
1804 3238 1925 3270 aves
1947 3237 2010 3269 cx

147 3296 336 3344 iisdem
388 3290 676 3339 rationibus
726 3308 824 3340 nec
870 3293 1058 3357 pennis
1112 3309 1209 3340 nec
1246 3304 1453 3356 gutture
1493 3287 1622 3339 illud
1659 3291 1850 3340 differe
1888 3308 2008 3356 pos-

146 3375 281 3427 sunt.
357 3360 506 3409 Unde
539 3359 805 3408 hominem
844 3359 1040 3420 fuisse,
1094 3362 1185 3428 kqui
1224 3364 1349 3410 Zea
1366 3379 1414 3409 m
1453 3362 1505 3410 in
1544 3362 1764 3410 Brasilia
1800 3376 2008 3426 quoque

148 3430 503 3498 dissipaverit,
543 3430 830 3487 statuimus,
863 3431 1097 3497 quamvis
1136 3431 1242 3481 dici
1265 3449 1372 3479 non
1402 3433 1597 3498 possit,
1637 3449 1737 3497 qua
1774 3430 1855 3479 via
1890 3440 2009 3478 ante

142 3515 383 3569 tempora
431 3499 737 3566 longissima
784 3500 839 3549 in
885 3501 1159 3550 Brasiliam
1208 3501 1428 3553 venerit.
1468 3530 1533 3538 -—
1566 3502 1683 3550 Hoc
1722 3517 1878 3549 unum
1914 3497 2009 3548 ob-
