2100 3882
583 131 941 180 Gnammuass.
1013 130 1377 178 ERAGnos'ms.
1813 131 1913 185 509

57 300 211 350 quam
260 283 318 329 P.
372 277 777 346 pasto‘ensis
826 275 1095 336 Willd.,
1164 280 1230 325 H.
1284 288 1336 326 et
1383 274 1475 335 R.,
1528 291 1619 323 seu
1657 275 1717 323 P.
1758 293 1917 327 con-

54 363 284 399 tracta
319 349 485 398 Herb.
525 345 755 395 Willd.
796 345 954 392 ramis
996 346 1271 410 paniculae
1316 357 1610 394 contractae
1653 345 1917 394 breviori-

54 421 151 468 bus
184 419 468 472 recedunt,
509 415 652 481 quod
692 412 903 479 quidem
943 415 1164 462 minoris
1206 414 1457 462 momenti
1496 412 1915 474 existimandum,

55 505 174 538 cum
222 506 283 536 ex
332 483 707 551 Eragrosti
757 481 1208 532 inconstante
1249 485 1372 532 satis
1417 483 1517 548 jam
1553 495 1760 549 pateat,
1810 484 1918 532 illis

55 559 110 607 in
145 556 452 622 regionibus
488 551 786 618 paniculam
824 550 1067 615 inprimis
1112 555 1437 601 Poacearum
1474 571 1572 618 pro
1615 553 1735 600 anni
1786 565 1920 602 tem-

54 644 187 693 pore
240 626 354 674 solo
399 635 450 672 et
505 623 609 670 situ
648 620 889 668 locorum
924 619 1007 667 vel
1058 622 1215 668 ramis
1260 624 1518 687 elongatis
1564 622 1790 686 expandi
1832 622 1918 672 vel

51 693 386 745 brevioribus
440 691 598 738 ramis
649 689 905 738 contrabi.
980 692 1050 737 Et
1091 689 1257 754 ipsam
1302 692 1515 757 quidem
1554 695 1748 741 Poam
1802 709 1919 758 pa-

53 769 400 814 stoe'nsem
436 764 503 809 H.
545 770 597 807 et
635 760 695 808 R.
736 775 894 825 aegre
934 778 960 809 a
999 761 1135 808 Poa
1173 761 1573 827 nigricante
1610 761 1801 811 horum
1829 779 1917 811 au-

51 846 259 884 ctorum
295 847 612 897 separamus.

415 970 1015 1011 13.ERAGROST1S
1061 973 1451 1010 AIROIDES.
1512 963 1541 1014 †

185 1064 247 1111 E.
299 1059 538 1127 panicula
591 1057 1116 1124 supradecomposita
1175 1056 1416 1123 elongata
1472 1069 1683 1124 patente
1736 1057 1916 1109 multi-

47 1130 210 1190 flora,
249 1130 406 1179 ramis
438 1128 777 1194 capillaribus
811 1127 1271 1186 subverticillatiS,
1321 1128 1631 1191 pedunculis
1662 1127 1914 1178 flexuosis

48 1201 284 1260 scabris,
325 1199 542 1264 spiculis
592 1198 768 1262 parvis
819 1194 1125 1244 subbissoris
1165 1196 1397 1252 scabris,
1454 1195 1692 1245 flosculis
1738 1199 1914 1264 gluma

49 1270 326 1335 superiore
359 1285 540 1334 parum
583 1265 914 1333 longioribus
967 1267 1164 1325 acutis,
1217 1266 1418 1314 valvula
1454 1266 1712 1315 inferiore
1757 1267 1914 1317 obso-

45 1340 153 1389 lete
185 1338 441 1397 trinervi,
483 1336 629 1386 foliis
668 1335 966 1384 convolutis
995 1335 1257 1396 laevibus,
1295 1336 1499 1400 vaginis
1526 1336 1763 1403 margine
1792 1354 1914 1388 ore-

49 1426 152 1478 que
180 1407 399 1474 pilosis,
449 1407 623 1455 culmo
671 1404 931 1471 simplice.

186 1496 312 1546 Aira
349 1493 685 1543 brasiliensis
712 1530 726 1553 ,
768 1490 944 1540 Radd.
976 1492 1201 1558 Agrost.
1233 1488 1389 1541 Bras.
1419 1510 1474 1558 ρ.
1504 1490 1588 1542 36.

177 1593 226 1639 β.
268 1583 485 1648 spiculis
523 1580 888 1648 superioribus
919 1580 1195 1645 paniculae
1223 1580 1292 1628 tri
1314 1609 1332 1617 -
1351 1578 1690 1646 quadrifloris
1711 1619 1723 1643 ,
1785 1581 1913 1634 flos-

44 1654 176 1704 culis
208 1651 575 1719 superioribus
618 1652 814 1718 glumas
850 1650 1218 1714 superantibus
1247 1650 1426 1697 radice
1462 1651 1794 1703 stolonisera.

179 1743 290 1791 Poa
326 1738 709 1801 microstachya
732 1772 744 1795 ,
784 1733 946 1785 Linle.
979 1734 1046 1785 H.
1079 1735 1208 1786 Ber.
1242 1738 1285 1785 I.
1317 1756 1372 1803 ρ.
1413 1734 1554 1788 185?

178 1825 405 1876 Habitat
439 1826 536 1888 (a.)
573 1824 625 1872 in
671 1823 838 1872 muris
878 1823 1141 1873 veteribus
1179 1842 1347 1891 prope
1401 1824 1502 1873 Rio
1545 1826 1608 1875 cle
1647 1825 1864 1879 Janez’ro
1883 1851 1913 1895 ,-¹

47 1896 296 1960 (Raddi.)
338 1896 390 1944 in
440 1888 740 1957 confinibus
782 1894 935 1956 regni
971 1891 1370 1961 Paraguayani
1412 1904 1461 1942 et
1493 1913 1646 1961 prov.
1683 1896 1910 1949 Zlffonte-

56 1967 227 2019 Video,
279 1963 550 2030 (Sellow.)
637 1968 753 2013 ἴαν.
786 1971 838 2014 β.
873 1963 923 2011 in
957 1961 1196 2011 Brasilia
1239 1963 1579 2013 meridionali
1623 1965 1752 2031 legit
1799 1969 1909 2018 Sel-

42 2036 167 2087 low.
223 2043 302 2099 η..
377 2034 528 2097 (Pieli
561 2055 605 2081 οι.
640 2041 689 2081 et
731 2042 774 2086 β.
813 2032 865 2081 in
896 2030 1055 2083 Herb.
1089 2031 1223 2100 Reg.
1259 2031 1469 2097 Berol.)

175 2125 260 2176 Ob
307 2121 564 2173 valvulam
609 2120 923 2170 inferiorem
973 2122 1221 2170 muticam
1262 2122 1555 2171 trinervem
1605 2126 1904 2194 Eragro-

38 2196 126 2244 sti
163 2194 352 2261 generi
400 2190 750 2245 inseruimus,
804 2191 889 2238 cui
940 2202 992 2239 et
1037 2191 1220 2239 habitu
1259 2193 1576 2256 respondet>
1641 2197 1904 2265 Descrip-

35 2266 140 2322 tio,
174 2283 200 2312 a
239 2265 302 2313 cl.
338 2260 551 2311 Raddi
582 2261 612 2307 l.
647 2276 690 2307 c.
730 2259 877 2317 data,
930 2261 1100 2322 bona,
1153 2261 1257 2308 nisi
1304 2262 1446 2328 quod
1490 2259 1769 2313 flosculum
1817 2285 1900 2318 se-

34 2334 260 2383 cundum
300 2332 353 2379 in
398 2340 582 2377 nostro
636 2329 748 2376 basi
792 2330 996 2378 calvum
1032 2330 1349 2395 reperimus,
1403 2361 1466 2369 —-
1514 2332 1724 2382 Culmus
1770 2337 1897 2385 stri-

33 2415 180 2462 ctus,
218 2400 419 2468 vaginis
455 2397 654 2448 striatis
699 2398 896 2463 glabris
941 2401 1176 2466 margine
1207 2399 1375 2447 altero
1411 2398 1572 2467 longe
1612 2403 1807 2454 ciliatis
1841 2418 1897 2456 et

27 2474 93 2522 ad
119 2473 280 2520 latere
317 2470 427 2519 oris
466 2467 696 2516 barbatis
747 2468 1042 2517 obvolutus.
1117 2470 1303 2535 Ligula
1348 2468 1689 2529 brevissima,
1748 2485 1893 2524 trun-

27 2553 168 2604 cata,
208 2538 625 2589 citiam-lacera.
703 2537 847 2584 Folia
881 2538 1308 2604 glaucescentia‚
1361 2539 1893 2594 convoluto-filifor-

26 2611 162 2670 mia,
201 2612 382 2675 longa,
425 2607 601 2665 firma,
650 2606 857 2671 glabra.
917 2607 1183 2674 dorsoque
1221 2608 1400 2656 laevia.
1485 2609 1738 2660 Panicula
1784 2614 1895 2662 cul-

29 2698 172 2729 mum
225 2681 409 2729 saltem
447 2693 705 2742 aequans,
757 2675 869 2723 basi
916 2678 1170 2742 vaginata.
1255 2677 1500 2742 Spiculae
1549 2680 1635 2729 vix
1697 2683 1893 2734 lineam

31 2751 238 2817 longae.
328 2748 545 2797 Glumae
597 2745 1100 2812 ovato-oblongae,
1154 2757 1363 2804 acutae,
1421 2747 1731 2810 minerves,
1784 2771 1896 2803 sca-

32 2821 191 2879 brae,
238 2819 584 2884 pallidiores:
626 2812 855 2863 inferior
901 2815 1092 2864 minor.
1167 2815 1536 2865 Flosculorum
1573 2819 1771 2870 valvula
1813 2824 1895 2873 in-

33 2889 205 2938 ferior
240 2898 421 2944 ovata,
464 2883 842 2942 acuminulata,
893 2901 1159 2943 convexa,
1209 2885 1422 2944 scabra,
1477 2887 1894 2943 livido-susces-

33 2974 190 3017 cens‚
229 2957 514 3013 trinervis,
555 2952 730 3002 nervis
769 2954 1073 3001 lateralibus
1118 2953 1469 3016 abbreviati33
1524 2960 1770 3022 superior
1802 2963 1894 3012 ob-

31 3027 221 3093 longa,
276 3027 512 3091 integra,
568 3022 630 3070 ad
673 3022 888 3087 angulos
936 3020 1164 3071 reflexos
1210 3023 1517 3083 subciliata‚
1571 3027 1891 3080 inferiorem

31 3096 377 3162 subaequans.
451 3091 733 3157 Caryopsis
786 3091 1031 3157 oblonga.
1071 3119 1136 3127 —--
1188 3094 1466 3142 Flosculus
1513 3100 1761 3161 superior
1798 3118 1890 3165 pe-

30 3165 338 3225 dicellatus,
400 3164 601 3220 nuduS,
666 3159 916 3210 inferiori
969 3161 1189 3223 similis,
1254 3164 1347 3212 sed
1402 3164 1577 3214 minor
1635 3180 1687 3217 et
1728 3186 1889 3235 saepe

35 3234 254 3284 sterilis.

167 3321 293 3371 Var.
339 3327 385 3373 β.
428 3319 638 3368 differt:
686 3318 868 3368 radice
911 3320 1147 3368 stolones
1192 3319 1316 3368 hinc
1364 3320 1488 3368 inde
1540 3320 1889 3374 fasciculatim

30 3389 324 3456 proliferos
358 3390 667 3450 emittente3
706 3388 980 3453 paniculae
1022 3389 1179 3436 ramis
1210 3388 1322 3436 basi
1366 3389 1631 3451 barbati53
1671 3392 1888 3456 spiculis

34 3457 399 3526 superioribus
427 3458 714 3508 linearibus
756 3455 1220 3526 tri-quadriiloris
1254 3459 1784 3524 purpurascentibus,
1824 3462 1887 3511 il-
