2100 3882
202 148 304 199 574
386 136 727 193 Gnamrmni.
813 136 1175 189 OnsunvA'rio
1214 152 1521 187 Georomca
1557 154 1626 187 Εἰ·
1664 153 2030 189 oecononum.
2073 0 2100 182 ἔ

329 289 680 340 Observatum
709 299 817 347 est‚
853 286 1107 335 nostratia
1137 284 1362 335 cerealia
1391 284 1446 335 in
1475 286 1699 334 Brasilia
1731 287 2037 336 diversitate
2069 327 2074 337 ,

192 358 289 408 soli
319 360 520 416 minus,
572 375 724 424 quam
756 358 858 406 situ
900 367 951 403 et
991 355 1198 404 climate
1227 353 1390 403 affici.
1478 355 1645 428 Quam
1689 355 1756 404 ob
1800 372 1910 404 rem
1951 373 2033 405 03-

189 428 412 477 vendum
455 437 534 475 est
568 428 822 484 maxime,
890 440 957 472 ne
1018 424 1268 472 sementis
1324 422 1528 471 ardenti
1577 423 1674 472 soli
1736 423 2032 489 objiciatur.

2085 280 2100 455 ᾗ

189 497 370 550 Valles
408 495 604 560 igitur,
672 511 805 562 quae
853 493 1017 541 solem
1080 493 1366 558 prohibent
1414 492 1791 548 meridianum,
1845 505 1898 542 et
1926 511 2036 541 um·
2095 514 2100 527 ⁴

191 568 380 616 brosae
412 563 640 627 sylvulae
664 601 675 621 ,
726 581 823 629 per
854 578 1152 625 camporum
1192 563 1307 612 Loca
1348 561 1596 627 depressa
1635 562 1866 610 virentes
1907 561 2037 622 (Ca-
2094 560 2100 607 ³.

189 635 369 700 sodes),
435 649 601 699 eaque
641 633 694 680 in
736 631 1043 680 nemoribus
1094 631 1376 696 primaevis
1422 632 1563 685 loca,
1614 647 1748 697 quae
1790 630 2036 680 caesione
2095 628 2098 634 ¹

199 703 371 770 segeti
408 713 609 767 aptata,
665 702 995 767 potissimum
1032 699 1274 766 eligenda
1313 710 1445 747 sunt.
1534 701 1743 748 Seritur
1785 716 1914 748 vero
1959 700 2040 749 vel
2088 711 2100 752 ’ἶ

189 772 382 821 Martio
418 787 629 828 mense,
689 771 771 818 vel
812 769 1079 817 mensibus
1124 767 1454 832 Septembri,
1514 767 1877 834 Octobrique,
1917 768 1952 816 i.
1992 786 2038 817 e.

191 843 286 889 sub
320 840 533 888 initium
568 838 789 888 finemve
824 839 1084 887 mensium
1121 837 1508 903 pluviosorum‚
1547 855 1645 903 pro
1677 854 1774 896 eo,
1818 848 1871 886 ut
1908 836 2055 886 situs]
2092 835 2100 845 ”

186 910 296 959 loci
322 908 618 958 consultum
657 908 850 957 reddit.
942 908 1181 985 Quatuur
1231 905 1531 973 quinqueve
1576 907 1845 956 mensibus
1890 925 1916 955 3
1959 925 2039 956 sa-

191 980 340 1028 tione
383 978 568 1026 messis
613 978 745 1037 erit,
802 994 966 1044 eaque
1007 974 1300 1024 uberrima:
1351 992 1467 1022 nam
1509 977 1699 1042 quibus
1739 976 1871 1024 locis
1903 975 2042 1024 triti·
2098 994 2100 998 ·

192 1064 309 1097 cum
361 1048 631 1114 hucusque
683 1058 847 1095 satum
892 1057 1006 1104 est,
1078 1044 1570 1111 quinquagesimum
1604 1044 1850 1094 fructum
1897 1045 2037 1103 tulit.

173 1119 224 1181 ,S
248 1117 472 1174 ecale,
515 1115 755 1176 (Genleio
786 1116 1033 1171 incolis‚)
1075 1130 1241 1180 aeque
1276 1129 1332 1161 30
1364 1114 1416 1160 in
1436 1113 1703 1169 Lusitania
1735 1115 1904 1161 minus
1932 1113 2042 1161 fre-

191 1197 420 1253 quenter
461 1185 685 1243 seritur,
736 1196 785 1233 et
820 1184 993 1233 obstat
1039 1200 1143 1249 quo
1184 1183 1355 1229 minus
1400 1182 1602 1230 colatur
1639 1182 1820 1249 iniqua
1855 1181 2040 1247 opinio

189 1256 365 1322 vulgi,
408 1254 549 1323 quod
579 1267 750 1303 tamen
781 1254 958 1302 forsan
986 1252 1404 1318 germanicorum
1438 1251 1750 1300 colonorum
1783 1268 1878 1317 per
1915 1268 2041 1317 pro·
2097 1281 2100 1307 7

195 1325 396 1374 vincias
428 1323 825 1373 xmeridionales
872 1322 974 1382 jam
1020 1337 1319 1385 sparsorum
1358 1320 1612 1368 industria
1652 1321 1873 1368 meliora
1914 1321 2043 1369 edo·
2098 1364 2100 1367 .

193 1405 334 1442 ctum
373 1393 441 1441 iri
486 1409 768 1457 speramus.
843 1391 1100 1439 Tritici
1138 1386 1361 1455 (Trige)
1401 1401 1573 1446 autem
1609 1390 1815 1454 species
1861 1406 2043 1438 omnes

193 1464 248 1511 in
286 1462 508 1511 Brasilia
541 1479 645 1510 non
679 1462 876 1515 minus,
918 1477 1071 1527 quam
1113 1458 1248 1525 apud
1288 1477 1383 1508 nos
1419 1470 1574 1507 notae
1616 1469 1762 1520 sunt3
1802 1470 2041 1507 vocatur-

194 1550 299 1600 que
358 1530 702 1579 Triticum
766 1530 1082 1595 vulgare:
1163 1524 1326 1593 Trige
1389 1525 1644 1588 candeal,
1711 1528 2041 1591 amyleum

190 1601 422 1662 branco,
491 1599 832 1664 turgidum
892 1596 1154 1645 monriseo
1192 1597 1402 1655 maior,
1460 1596 1859 1662 polonicum
1895 1613 2042 1644 mou·
2097 1615 2100 1619 ⁴

190 1671 357 1729 risco,
419 1669 652 1717 durum
723 1680 773 1717 et
837 1679 1255 1731 compactum
1308 1666 1557 1724 dut-asle,
1609 1666 1850 1730 Spelta
1887 1673 2087 1730 ,or-etos

193 1752 245 1789 et
291 1736 525 1806 gallego.
626 1738 815 1785 Farina
870 1738 1080 1785 triticea
1155 1748 1206 1785 et
1282 1736 1414 1783 alica
1497 1753 1536 1783 s.
1618 1735 1785 1783 farina
1857 1752 2046 1800 granu-

191 1810 330 1866 losa,
372 1823 523 1875 quae,
562 1818 618 1854 ut
646 1819 820 1855 notum
852 1818 962 1862 est,
1003 1806 1186 1869 amylo,
1226 1805 1457 1871 glutine,
1511 1804 1788 1863 saccharc),
1828 1802 2047 1853 humido

193 1877 421 1944 pauxillo
452 1888 507 1924 et
546 1874 676 1923 fibra
715 1876 999 1941 vegetabili
1039 1887 1234 1924 consta«
1258 1910 1268 1929 ‚
1324 1877 1475 1938 plane
1523 1873 1957 1940 quemadmodum
1993 1874 2049 1921 in

199 1945 471 1995 Lusitania
511 1945 824 2011 reiiquaque
871 1947 1086 2008 Europa
1119 1944 1425 2000 adhibetur,
1480 1954 1535 1990 ut
1569 1959 1784 1991 necesse
1817 1960 1923 1991 non
1961 1942 2046 2000 sit,

200 2016 264 2065 de
299 2016 396 2064 hac
430 2031 489 2062 re
522 2014 760 2078 pluribus
794 2013 1074 2078 dis-erere.

301 2083 640 2133 Hordeum
676 2079 940 2143 (Caerula)
994 2082 1191 2130 seritur
1234 2081 1550 2146 praecipue,
1611 2080 1829 2144 jusculis
1869 2091 1925 2128 ut
1970 2080 2050 2128 in-

199 2155 423 2212 serviat3
465 2150 577 2215 rjus
614 2152 772 2198 etiam
799 2163 979 2214 potum
1020 2167 1176 2199 succo
1210 2152 1342 2199 Citri
1377 2161 1462 2198 aut
1496 2149 1741 2198 saccharo
1786 2161 2049 2215 tempera-

196 2235 304 2272 tum
336 2222 386 2269 in
417 2219 696 2269 affectibus
727 2218 1141 2268 inflammatoriis
1170 2220 1250 2267 vel
1278 2219 1561 2268 febrilibus
1592 2218 1784 2267 medici
1814 2219 2048 2278 suadent.

199 2290 498 2358 Optandum
531 2306 656 2338 vero
685 2300 762 2337 est
785 2326 796 2346 ,
838 2301 891 2337 ut
919 2289 1076 2336 etiam
1105 2289 1157 2336 in
1192 2290 1450 2337 Brasiliae
1484 2291 1756 2335 materiam
1797 2287 2051 2336 medicam

197 2361 424 2409 farina
461 2358 726 2407 Hordei
764 2370 1208 2424 praeparata.
1265 2369 1445 2408 contra
1480 2359 1695 2406 morbos
1744 2357 2051 2423 atrophicos

200 2443 336 2485 etc.,
376 2427 763 2486 introducatur,
805 2445 937 2494 quae
972 2428 1187 2495 quidem
1222 2428 1274 2475 in
1316 2427 1513 2476 nostris
1544 2426 1854 2492 regionibus
1899 2444 1927 2474 a
1966 2441 2054 2474 ce·

195 2498 498 2547 leberrimis
538 2498 759 2545 medicis
792 2506 979 2562 magno
1021 2509 1358 2562 aegrotorum
1402 2496 1757 2545 emolumento
1806 2495 1860 2543 in
1904 2512 2053 2543 usum

199 2578 431 2616 vocatur.
504 2567 591 2615 Fit
615 2583 740 2615 vero
781 2565 948 2613 farina
979 2565 1166 2614 hordei
1200 2576 1505 2631 praeparata
1551 2582 1590 2612 s.
1631 2563 1974 2614 Cevadine
2013 2582 2051 2612 s.

199 2636 560 2685 Hordeine
606 2636 707 2684 hoc
742 2632 928 2683 inodo:
980 2635 1150 2682 farina
1198 2635 1387 2684 hordei
1432 2634 1661 2682 abluitur
1708 2633 1880 2698 primo
1912 2628 2056 2700 'aqua

195 2706 417 2772 frigida,
458 2716 510 2752 et
539 2704 742 2752 lotione
770 2716 974 2769 partum
1005 2704 1227 2768 amylum
1267 2705 1403 2752 intra
1437 2719 1643 2751 saccum
1672 2703 1891 2750 linteum
1922 2720 2055 2769 aqua

194 2774 452 2823 bulliente
499 2784 778 2830 tractatur,
833 2775 882 2821 in
918 2791 1017 2841 qua
1056 2790 1174 2837 pars
1216 2774 1270 2821 in
1312 2774 1493 2839 gluten
1534 2772 1670 2830 abit,
1723 2789 1842 2836 pars
1887 2771 2052 2820 altera

195 2843 363 2892 forma
414 2842 644 2908 pulveris
687 2840 807 2889 ssavi
856 2842 1127 2908 granulosi
1174 2853 1439 2900 remanet,
1494 2842 1585 2908 qui
1626 2839 1791 2889 farina
1829 2857 2051 2906 praepa·

193 2923 306 2961 rata
348 2913 461 2978 ipsa
509 2922 606 2960 est.
694 2912 867 2984 Quum
916 2910 990 2958 ibi
1039 2910 1211 2960 morbi
1249 2910 1513 2975 atrophici
1568 2909 1670 2956 sint
1717 2908 2045 2976 frequenteS‚

199 2981 341 3048 quod
377 2980 561 3046 partim
601 2984 908 3028 continuato
951 2980 1161 3046 longius
1192 2998 1287 3028 usu
1323 2980 1559 3028 ciborum
1587 2977 1769 3025 vilium
1793 3012 1805 3036 ‚
1857 2976 2048 3043 partim

201 3050 507 3099 excessibus
536 3049 591 3097 in
621 3065 816 3097 venere
839 3084 851 3106 ‚
892 3048 1171 3096 innaturali
1204 3060 1397 3097 terram
1442 3046 1634 3096 edendi
1675 3046 1929 3111 appetitui
1963 3046 2051 3094 vel

199 3135 517 3185 organorum
542 3118 918 3165 intestinalium
947 3117 1240 3175 debilitati,
1293 3117 1368 3164 ibi
1411 3114 1659 3181 Engasco
1704 3115 1905 3176 dictae,
1960 3115 2053 3164 de·

197 3188 379 3244 betur,
420 3197 569 3235 certe
596 3187 919 3235 medicorum
950 3187 1201 3244 in·erest‚
1253 3186 1315 3234 ad
1345 3202 1522 3233 manus
1551 3184 1748 3232 habere
1776 3183 2051 3233 materiem

198 3255 337 3305 bene
371 3257 691 3303 nutrientem
732 3254 1010 3320 facilisque
1038 3254 1404 3303 concoctionis
1428 3290 1440 3311 ,
1492 3271 1626 3321 quac
1656 3253 1799 3301 facili
1832 3252 2048 3318 negotio

199 3325 373 3390 parari
422 3326 625 3389 possit,
680 3338 941 3389 quamque
984 3339 1048 3370 ex
1091 3326 1304 3387 Europa
1337 3334 1548 3386 petere.
1615 3321 1766 3372 sicuti
1817 3321 2050 3370 radicem

196 3395 370 3459 Salep,
407 3410 513 3443 non
538 3406 759 3440 necesse
790 3390 871 3438 sit.
923 3391 1172 3458 Denique
1199 3391 1458 3440 Hordei
1488 3392 1690 3440 cultura
1710 3390 1866 3438 etiam
1889 3407 2052 3456 prop-

193 3473 344 3513 terea
385 3459 647 3512 suadenda
692 3459 931 3523 videtur,
985 3471 1044 3528 ut
1091 3460 1321 3510 Brasilia
1363 3459 1620 3521 haberet,
1691 3476 1795 3527 quo
1833 3460 1940 3509 suis
1984 3474 2050 3508 ex
