2100 3882
685 410 1242 502 Lectoribus

35 620 93 660 ut
146 618 497 674 exportatum,
570 604 764 672 quibus
822 602 1062 662 auxiliis,
1140 598 1285 668 juxta
1337 597 1685 666 amplissimas
1734 595 1904 662 ipsius

33 678 259 729 editoris
309 673 655 725 collectiones
710 675 1087 731 Monacenses‚
1153 670 1308 729 freti,
1374 668 1632 737 quibusve
1683 665 1907 715 fautori-

33 749 132 798 bus
187 759 344 814 atque
405 743 587 793 amicis
623 742 843 808 adjuti,
931 742 992 790 ad
1063 740 1196 789 hanc
1266 740 1563 805 graminum
1645 735 1908 785 Brasiliae

29 817 404 883 indigenorum
452 813 733 861 historiam
792 812 1028 878 aggressi
1072 828 1280 865 sumus2
1365 808 1540 872 primo
1580 807 1703 856 loco
1742 803 1901 853 nobis

31 904 228 934 summa
270 882 570 933 reverentia
613 893 662 931 et
699 880 895 946 pietate
944 878 1105 929 animi
1158 876 1442 928 laudandus
1491 888 1571 924 est
1617 876 1740 927 Vir
1786 876 1904 923 Ex-

31 952 621 1012 cellentissimus,
682 950 892 1000 Liber
928 953 1097 999 Baro
1139 949 1338 998 Stein
1377 947 1450 995 ab
1490 943 1901 1002 Altenstein,

28 1021 544 1091 Angustissimi
610 1031 671 1069 et
725 1018 1220 1069 Potentissimi
1271 1020 1730 1065 Borussorum
1785 1016 1906 1062 Re·

31 1094 134 1161 gis
185 1093 252 1142 in
303 1092 513 1140 rebus
570 1089 645 1138 ad
705 1106 958 1138 omnem
1014 1087 1524 1148 eruditionem,
1598 1083 1726 1132 Dei
1773 1081 1907 1131 cul-

32 1176 165 1212 tum
205 1160 700 1211 etMedicinam
734 1158 1206 1225 spectantibus
1246 1172 1531 1206 summus
1559 1153 1904 1202 Minister.

31 1233 152 1304 Quo
191 1231 411 1280 iubente
449 1229 697 1278 Linkio
737 1242 787 1277 et
827 1224 1464 1283 Schlechtendalio‚
1504 1222 1637 1271 viris
1673 1220 1908 1270 clarissi-

30 1302 162 1360 mis,
245 1318 343 1365 pro
381 1317 469 1347 sua
509 1298 563 1347 in
613 1314 699 1346 res
749 1309 957 1345 nostras
1009 1298 1225 1363 egregia
1278 1296 1545 1344 voluntate
1606 1290 1907 1358 gramina

29 1370 418 1418 brasiliana
449 1364 780 1416 Herbarii
813 1368 1020 1433 Regii
1057 1361 1583 1421 sserolinensis,
1626 1378 1759 1429 quae
1789 1360 1906 1424 plu·

30 1441 163 1488 rima
202 1439 255 1486 in
297 1456 361 1486 eo
402 1446 454 1485 et
491 1436 844 1502 pulcherrima
885 1446 1248 1494 asservantur,
1318 1434 1573 1500 pleraque
1614 1449 1641 1479 a
1682 1429 1904 1480 Sello-

28 1509 174 1561 vio,
217 1508 391 1574 aliqua
426 1508 583 1554 etiam
620 1526 643 1553 a
687 1507 981 1555 Siebero
1022 1505 1248 1572 aliisque
1279 1503 1447 1561 lecta,
1486 1502 1701 1552 tradere
1727 1498 1904 1559 licuit,

29 1587 88 1626 ut
126 1595 306 1626 eorum
346 1576 738 1640 descriptiones
780 1577 933 1640 operi
970 1586 1155 1624 nostro
1198 1576 1520 1623 inserantur.

174 1646 248 1695 Ad
282 1645 412 1694 baec
451 1646 676 1693 accessit
716 1644 1180 1694 Serenissimi
1211 1641 1571 1707 Principis
1603 1637 1903 1688 Maximi-

28 1715 207 1764 liani
261 1714 690 1773 &Viedensiffi
756 1714 980 1763 fautoris
1027 1713 1323 1780 praeclari,
1389 1709 1699 1760 herbarium
1733 1708 1905 1757 brasi-

27 1786 231 1844 liense,
291 1802 396 1851 quo
437 1784 608 1833 libere
647 1783 724 1831 uti
764 1795 816 1831 et
855 1785 1120 1851 gramina,
1189 1784 1313 1831 inde
1353 1782 1634 1844 decerpta,-
1708 1779 1903 1827 Florae

27 1864 242 1903 nostrae
282 1853 475 1903 addere
514 1868 828 1902 concessum
865 1864 963 1905 est.
1062 1856 1213 1902 Hanc
1252 1863 1425 1901 autem
1464 1849 1645 1915 operis
1696 1858 1904 1914 partem

28 1924 238 1988 pridem
286 1923 520 1972 confecit
560 1922 683 1972 Sch
702 1923 1025 1982 raderus,
1078 1920 1369 1971 Professor
1407 1917 1778 1985 Gottingensis
1817 1932 1904 1965 ce-

25 1993 377 2051 leberrimus,
451 1988 714 2060 nobisque
768 1991 1068 2043 adversaria
1107 2011 1196 2040 sua
1234 2008 1389 2039 manu
1425 1990 1622 2054 scripta
1664 1985 1901 2045 tradidit,

29 2080 191 2131 quae,
253 2063 469 2111 nomine
521 2061 631 2126 ejus
683 2061 886 2128 signata
936 2060 1206 2130 citatoque
1245 2060 1624 2110 Mantissae
1666 2055 1902 2106 Schul-

26 2131 194 2181 tesii
229 2131 380 2190 loco,
419 2131 512 2180 ubi
549 2131 654 2197 jam
691 2133 753 2181 ab
790 2143 1009 2182 auctore
1049 2132 1290 2199 evulgata
1322 2141 1469 2191 sunt,
1513 2129 1656 2177 inter
1689 2125 1902 2193 reliqua

26 2201 115 2251 hic
153 2201 415 2270 leguntur.

156 2271 314 2319 Nunc
353 2279 526 2320 autem
563 2270 628 2319 ad
657 2268 969 2318 Trinium
1005 2282 1278 2330 nostrum,
1333 2266 1502 2317 virum
1532 2264 1676 2316 inter
1707 2265 1907 2332 Agros-

27 2339 266 2406 tologiae
303 2340 570 2388 studiosos
607 2339 768 2406 longe
807 2340 1248 2398 celeberrimum,
1289 2339 1624 2406 gratissimo,
1666 2353 1771 2403 quo
1812 2335 1903 2383 de·

27 2408 243 2466 bemus,
285 2409 459 2456 animo
489 2425 586 2456 nos
621 2410 1014 2469 convertimus,
1056 2410 1287 2474 ingenue
1322 2406 1666 2473 profitentes,
1705 2404 1901 2452 illum

29 2495 126 2526 nos
164 2477 216 2524 in
256 2476 396 2526 libro
434 2487 620 2525 nostro
660 2477 1051 2526 conscribendo
1104 2496 1206 2525 non
1248 2495 1341 2524 usu
1380 2487 1581 2525 tantum
1616 2491 1798 2523 rerum
1837 2474 1904 2522 ad

28 2546 84 2594 id
121 2547 499 2611 spectantium,
551 2546 645 2594 sed
684 2547 847 2595 multo
886 2546 1053 2612 magis
1086 2547 1249 2595 >etiam
1288 2546 1531 2594 doctrina
1570 2561 1660 2592 sua
1699 2554 1752 2592 et
1790 2554 1901 2591 arte

28 2614 311 2679 adjuvisse.
415 2616 521 2663 Hic
559 2615 731 2668 enim,
786 2631 902 2664 cum
941 2617 1057 2680 ipse
1095 2617 1149 2664 in
1187 2616 1537 2663 Panicearum
1572 2613 1801 2662 historia
1839 2613 1902 2660 il·-

25 2684 293 2733 lustranda
342 2696 628 2750 occupatus
675 2696 848 2745 esset,
928 2685 1087 2733 missa
1138 2686 1282 2733 omni
1336 2703 1426 2733 sua
1473 2681 1656 2732 harum
1696 2683 1903 2732 Grami-

25 2771 243 2803 nearum
317 2754 683 2820 supellectile,
770 2764 1059 2822 posteaque
1118 2754 1309 2804 additis
1365 2754 1597 2809 cunctis,
1689 2768 1822 2819 quae
1877 2771 1903 2801 a

26 2823 569 2890 Langsdorffio‚
636 2825 753 2873 viro
810 2827 1064 2891 egregio,
1154 2824 1220 2873 ad
1274 2842 1330 2873 se
1384 2835 1437 2872 et
1487 2821 1903 2872 Fischerum

24 2903 265 2942 nostrum
302 2909 598 2958 pervenere
637 2893 876 2955 eiusdem
905 2894 1139 2942 familiae
1176 2890 1436 2959 exemplis
1459 2930 1471 2952 ‚
1538 2901 1590 2940 et
1622 2892 1689 2940 iis
1724 2892 1902 2940 multis

25 2961 302 3020 iconibus,
340 2961 615 3030 plerisque
654 2976 824 3012 autem
862 2963 1234 3029 diagnosibus‚
1274 2959 1622 3019 adversariis,
1671 2962 1904 3009 nomini-

25 3027 125 3079 bus
158 3031 463 3094 instructis3
505 3032 812 3099 certiorque
846 3050 908 3081 ex
943 3035 1104 3082 altera
1137 3042 1287 3098 parte
1327 3029 1443 3098 ipse
1482 3029 1680 3080 nosti-is
1719 3030 1904 3080 adver-

28 3100 183 3149 sariis
231 3101 634 3169 graminumque
687 3102 846 3150 siccis
886 3103 1144 3169 exemplis
1182 3103 1385 3161 factus,
1452 3099 1508 3150 id
1552 3098 1772 3158 effecit,
1846 3110 1904 3147 ut

27 3169 265 3234 species,
335 3186 553 3237 quarum
592 3188 657 3219 ex
692 3171 789 3219 hac
839 3171 1039 3220 familia
1090 3171 1382 3238 permultas
1431 3186 1599 3219 novas
1651 3184 1905 3217 recense-

26 3253 175 3294 mus,
233 3239 421 3297 (unam
461 3241 542 3288 vel
580 3240 799 3289 alteram
838 3241 881 3288 si
919 3241 1062 3290 forte
1104 3241 1407 3306 excipias‚)
1447 3240 1642 3289 iisdem
1673 3238 1727 3286 in
1755 3248 1904 3286 utro-

27 3324 132 3374 que
171 3325 334 3372 opere
364 3309 666 3358 nominibus
702 3310 1104 3378 certissimaque
1135 3309 1233 3359 hae
1266 3326 1449 3359 omnes
1475 3307 1577 3358 fide
1609 3308 1902 3374 prodeant3

28 3376 170 3443 quod
221 3377 326 3424 nisi
375 3378 571 3426 factum
611 3389 782 3438 esset,
856 3390 1005 3430 certo
1044 3391 1482 3446 errores‘graves
1519 3379 1902 3443 nominumque

27 3445 307 3510 multiplex
338 3445 615 3497 diversitas
653 3447 705 3496 in
745 3459 1030 3516 utrumque
1066 3466 1200 3516 opus
1240 3447 1604 3514 irrepsissent.
1657 3447 1716 3496 ld
1742 3462 1905 3494 unum

31 3513 303 3573 dolemus,
403 3518 838 3584 Monographiam
909 3518 1043 3568 hanc
1115 3515 1649 3584 praestantissimam,
1747 3531 1904 3581 quam

10 3583 219 3650 ,proelo
269 3583 372 3649 jam
419 3587 666 3636 emissam
722 3604 839 3636 esse
882 3589 1272 3654 comperimu5‚
1334 3585 1438 3636 hoc
1478 3586 1899 3652 ipsotempore,

1178 3671 1197 3713 ι
1250 3658 1284 3689 a*
