2100 3882
101 148 220 221 1450*
692 141 1047 196 GnAmmssAn.
1117 140 1395 191 Panicum.

110 293 456 346 bisuniflori.
541 291 792 359 Spiculae
842 289 1095 350 sessiles,
1165 288 1587 357 subcontiguae,
1648 289 1993 352 lanceolatae,

112 357 325 424 acutae,
361 381 613 431 magnae,
648 360 1086 420 fusc'o-virideS,
1126 359 1259 409 abasi
1304 360 1542 409 villosae.
1618 360 1779 424 Calyx
1818 359 1996 426 biglu-

111 436 242 506 niis,
281 435 472 502 glumis
516 432 769 482 distincte
820 430 1203 480 alternantibus
1251 429 1567 488 herbaceiS,
1619 430 1884 480 inferiore
1919 428 2000 478 di-

112 505 282 569 midio
336 503 591 552 breviore
635 501 1131 554 ovato-lanceolata
1169 510 1319 548 acuta
1364 498 1516 564 apice
1549 498 1767 550 barbata
1795 499 2003 563 7—-8-

113 575 303 632 nervi,
371 574 650 639 superiore
706 569 1286 639 oblongo-lanceolata
1344 568 1645 630 ii-nervi‚
1706 569 1888 618 nervis
1925 567 2006 617 di-

124 644 493 695 stinctissimis
543 642 696 707 apice
728 643 931 692 villosa.
1003 638 1283 689 Flosculus
1315 639 1547 688 inferior
1580 651 1802 697 neuter,
1839 636 2011 686 bivai-

120 715 234 772 τίς,
274 713 478 762 valvula
517 712 778 760 inferiore
818 710 1186 777 magnitudine
1222 719 1275 757 et
1311 709 1493 775 specie
1528 707 1736 776 glumae
1765 707 2013 775 superio-

119 784 198 843 ris
250 781 827 850 oblongo-lanceolata
872 792 1019 829 acuta
1050 779 1201 845 apice
1234 779 1519 828 subvillosa
1546 795 1573 839 7
1596 778 1816 839 -nervi,
1856 793 2013 844 supe-

126 853 280 903 riore
319 852 482 918 duplo
509 852 761 902 breviore
790 867 848 899 ac
879 849 1189 915 angustiore
1233 849 1426 897 lineari
1453 849 1666 898 binervi
1703 848 1856 915 apice
1890 847 2014 897 bar·

123 923 245 972 bata
275 925 696 972 membranacea.
764 919 1045 970 Floscnlus
1096 918 1860 984 superiorhermaphroditus,
1901 933 2015 967 car·

125 993 444 1060 filagineus,
487 993 713 1060 glumam
753 990 1071 1038 inferiorem
1108 1004 1374 1053 aequans,
1412 989 1632 1038 bix-alvis
1658 1025 1671 1049 ,
1710 986 1913 1040 valvula
1933 987 2017 1035 in-

123 1063 331 1113 feriore
397 1063 629 1129 oblongo
656 1092 672 1100 -
701 1059 995 1109 lanceolata
1048 1069 1195 1106 acuta
1277 1074 1509 1106 convexa
1588 1057 1876 1108 subenervi
1938 1056 2013 1105 la-

124 1134 390 1200 nuginosa
444 1132 777 1199 superiorem
824 1129 1061 1195 ejusdem
1107 1126 1464 1192 longitudinis
1506 1127 1851 1177 lanceolatam
1890 1143 2013 1176 acu-

121 1204 371 1253 minatam
410 1202 738 1269 marginibus
770 1199 1058 1248 involutam
1085 1196 1287 1245 laevem
1313 1198 1548 1263 glabram
1599 1198 1822 1266 soloque
1857 1197 2010 1264 apice

120 1273 636 1324 barbato-villosam
675 1270 1028 1336 amplectente
1048 1305 1060 1327 ‚
1100 1267 1165 1315 ad
1194 1265 1341 1330 cujus
1365 1266 1537 1326 basin,
1577 1279 1634 1317 ut
1662 1268 1717 1317 in
1746 1267 2009 1318 Panico

121 1343 502 1409 leiocarpo
562 1344 708 1406 Spr.
733 1377 746 1399 ,
800 1340 989 1388 lamina
1034 1335 1456 1402 deprehenditur
1497 1348 1676 1397 ovata,
1730 1348 1877 1387 arcte
1919 1355 2010 1404 ap-

120 1413 351 1480 plicata,
406 1413 568 1478 duplo
616 1410 868 1469 brevior,
925 1423 1251 1473 papyracea,
1306 1408 1806 1468 nervoso-striata,
1848 1406 2016 1458 divisa

122 1485 180 1533 in
213 1485 340 1532 duas
386 1495 565 1550 partes
614 1479 1002 1536 cultrif01‘me8‚
1068 1476 1307 1527 valvulae
1364 1477 1602 1527 corollae
1660 1478 1913 1528 inferiori
1958 1476 2015 1526 in

125 1555 243 1621 ipsa
271 1553 386 1602 basi
414 1553 663 1620 utrinque
693 1549 936 1606 adnataS,
979 1565 1114 1615 quae
1148 1547 1325 1596 medio
1356 1547 1706 1597 conniventes
1734 1566 1892 1597 unam
1926 1564 2020 1597 so«

120 1623 227 1673 lam
275 1623 605 1673 constituere
650 1621 899 1669 videntur
941 1618 1207 1667 laminam.
1304 1617 1599 1668 Lodiculae
1652 1616 2009 1679 collaterales,

119 1705 402 1761 angustae,
443 1691 767 1751 obconicae‚
808 1699 1099 1739 truncatae.

267 1797 495 1849 Habitat
529 1799 582 1847 in
620 1794 794 1865 εγῖυίε
829 1794 999 1861 juxta
1032 1790 1281 1860 fluvium
1326 1794 1673 1845 Amazonum
1700 1791 2019 1863 provinciae

126 1867 435 1922 Ραναέηεὶε.
513 1866 698 1919 Floret
733 1863 1044 1933 Septembri.
1099 1872 1180 1930 Ἃ..

269 1979 557 2030 Observ.
656 1977 837 2027 Genus
896 1973 1365 2024 Anthenantia
1419 1973 1558 2023 Pal.
1612 1971 1689 2023 de
1744 1974 2015 2031 Beauv.,

132 2066 420 2115 suppressa
453 2049 628 2116 gluma
656 2045 922 2094 inferiore
947 2081 960 2103 ,
1010 2044 1194 2094 differt
1230 2045 1293 2093 ab
1326 2042 1617 2093 Ichnantho
1652 2041 1925 2110 panicula,
1964 2051 2020 2090 et

130 2119 346 2168 laminis
372 2117 684 2186 appendicis
718 2115 1293 2181 carinam-duplicatis
1324 2110 1862 2173 valvulaesormibus‚
1902 2109 2021 2178 qui-

127 2189 229 2237 bus
259 2188 317 2238 fit
344 2200 403 2238 ut
441 2189 618 2253 calyce
655 2185 879 2253 biglumi
904 2222 916 2245 ,
958 2186 1151 2249 glumis
1192 2184 1499 2251 aequalibus
1527 2220 1539 2243 ,
1578 2183 1811 2247 gaudere
1837 2180 2020 2231 videa-

129 2270 248 2319 tur,
289 2259 454 2323 calyci
501 2274 695 2324 nempe
735 2254 910 2304 addita
945 2254 1154 2305 flosculi
1195 2254 1476 2303 inferioris
1517 2253 1739 2303 valvula.
1813 2253 1874 2301 In
1911 2253 2019 2301 An·

126 2328 399 2379 thenantia
439 2330 598 2378 etiam
639 2325 913 2392 caryopsis
950 2326 1158 2375 accedit
1193 2323 1384 2374 libera.

269 2417 330 2477 h)
370 2419 559 2469 Gluma
607 2414 838 2464 inferior
883 2414 1162 2482 superiore
1210 2412 1463 2473 brevior,
1515 2411 1571 2459 in
1615 2409 1736 2460 aliis
1780 2409 2017 2469 minima,

135 2488 395 2556 spiculam
428 2489 542 2538 basi
576 2485 937 2551 amplectens,
991 2485 1046 2533 in
1092 2484 1210 2534 aliis
1247 2484 1471 2532 multum
1510 2479 1695 2542 altius,
1741 2497 1919 2548 neque
1947 2489 2024 2529 ta-

135 2577 260 2609 men
291 2560 426 2608 ultxa
462 2555 494 2626 Ξ
530 2554 884 2623 longitudinis
917 2554 1105 2615 istius,
1145 2570 1446 2619 assurgens.
1518 2555 1782 2601 Racemus
1811 2565 2027 2616 compo-

139 2629 274 2679 situs
313 2629 627 2695 pluriesque
657 2624 986 2691 compositus
1012 2661 1025 2685 ,
1080 2624 1396 2690 plerumque
1443 2620 1691 2680 densior,
1733 2632 1944 2669 erectus
1972 2629 2029 2668 et

134 2699 563 2766 subfastigiatus,
617 2696 729 2754 vel,
785 2694 878 2744 ubi
922 2693 1089 2761 magis
1127 2692 1482 2758 compositus,
1530 2690 1702 2739 laxior
1737 2700 1895 2758 atque
1927 2707 2022 2755 pa-

136 2770 308 2828 tulus,
364 2769 526 2818 ramis
575 2764 901 2833 ramulisque
952 2763 1269 2831 pracsertim
1314 2773 1368 2811 et
1393 2759 1713 2826 pedunculis
1740 2761 1900 2827 paulo
1940 2770 2023 2809 te-

134 2838 416 2888 nuioribus
451 2835 678 2886 subinde
723 2834 1025 2902 patentibus
1057 2832 1262 2882 crebris
1299 2830 1756 2898 verticillatisque.
1832 2829 2025 2897 Spicu-

135 2909 220 2959 lae
246 2908 522 2975 plerisque
550 2907 805 2966 minores,
845 2904 1200 2971 copiosioreS,
1238 2901 1581 2970 undiquaque
1597 2913 1903 2967 vergentes,
1936 2897 2022 2949 vel

141 2980 199 3028 in
230 2977 573 3044 paucioribus
604 2973 966 3026 subsecundae
1011 2985 1063 3023 et
1101 2989 1344 3022 cernuae.
1419 2971 1573 3020 Folia
1600 2970 1702 3019 lata
1735 2971 1790 3019 in
1819 2969 2024 3037 paucis,

141 3048 420 3117 plerisque
459 3046 730 3113 graminea
773 3044 1069 3094 communis
1118 3042 1350 3102 formae,
1402 3041 1486 3092 vel
1527 3040 1686 3089 etiam
1724 3051 1945 3107 angusta
1973 3048 2027 3088 et

137 3118 332 3187 rigida.
408 3117 579 3166 Culmi
609 3116 663 3163 in
693 3115 875 3163 multis
906 3113 1161 3179 praealti,
1201 3111 1372 3172 firmi,
1409 3110 1647 3180 rigiduli.

279 3204 504 3271 Species
542 3203 731 3253 Brasil.
769 3209 853 3256 28.
894 3203 972 3265 (n.
1001 3199 1277 3266 lio—67.)

281 3313 335 3378 a)
376 3310 702 3378 Spiculis
738 3310 1180 3378 undiquaque
1218 3304 1484 3358 versis:
1526 3303 1633 3370 (sp.
1668 3303 1947 3368 40—58.)

318 3417 391 3485 ⁴³)
428 3421 731 3469 Racemo
771 3415 1176 3486 composito
1216 3411 1761 3479 subfastigiato:
1793 3409 2028 3480 (species

422 3486 709 3555 κιο-4ο.)
