2100 3882
241 119 342 172 588

234 265 455 331 Egerit,
496 268 685 319 infecti
725 287 857 338 quae
896 273 1184 324 subsedere
1217 274 1461 343 liquoris.

236 353 467 403 Additur
505 367 557 406 et
596 357 768 407 situlis
804 361 939 409 acris
978 361 1156 411 lixivia
1192 363 1399 427 plenis:

233 441 327 490 Illa
363 456 726 505 recrementa,
767 459 820 496 et
856 448 1004 515 siqua
1042 448 1353 514 ejectamina
1391 463 1589 502 restant
1615 491 1627 514 ,

235 530 526 579 Excernit:
564 533 790 582 mediam
827 536 978 601 prior
1012 535 1101 585 hic
1139 537 1290 588 labor
1317 538 1556 608 'integrat
1592 541 1796 594 horam.
1834 581 1841 591 t

232 618 430 666 Purior
466 631 516 669 at
552 633 830 689 postquam
869 641 1049 689 spuma
1087 625 1284 687 affluit,
1327 627 1487 695 inque
1525 630 1759 682 minores

230 706 510 755 Detumuit
546 706 745 769 bullas,
787 710 840 758 in
880 711 1100 762 ahenum
1138 727 1378 764 strenuus
1417 716 1559 766 infer

234 792 486 859 Vicinum
523 795 703 845 dulces
741 798 959 858 latices,
999 804 1244 851 coeuntia
1281 804 1512 853 nondum

230 880 518 930 Sacchara:
567 885 872 952 purgandae
912 899 1036 939 tunc
1075 891 1390 957 exquisitius
1429 910 1611 942 ornnes

227 969 549 1037 Reliquiae3
588 983 642 1021 et
677 972 822 1022 lente
862 974 924 1023 ad
962 994 1148 1042 purum
1186 979 1373 1028 vitium
1411 998 1565 1029 omne
1603 984 1933 1050 coquendum

230 1056 477 1105 Cribrum
522 1058 779 1127 immerge
828 1062 1052 1122 iterum,
1105 1064 1329 1130 spumas
1363 1068 1482 1135 lege
1537 1088 1716 1120 rursus
1763 1074 1981 1135 inanes,

232 1145 378 1218 Quas
415 1147 620 1197 modica
660 1149 844 1199 sitiens
885 1151 929 1199 si
969 1152 1244 1221 quisquam
1283 1154 1449 1205 diluat
1484 1159 1653 1221 unda,

224 1233 452 1282 Arentes
492 1247 642 1302 grato
680 1238 859 1287 fauces
896 1239 1120 1290 humore
1157 1242 1362 1310 rigarit.

223 1321 367 1369 Dum
405 1320 578 1373 fluitat
613 1325 759 1375 labro
800 1326 966 1375 dulcis
1005 1328 1213 1396 liquor,
1253 1349 1413 1382 exere
1451 1334 1596 1398 cola,

221 1409 294 1457 Et
331 1410 528 1461 eribata
565 1412 670 1462 alio
712 1414 1016 1464 distendens
1054 1417 1217 1467 lintea
1255 1437 1404 1480 vase,

228 1496 346 1569 Qua
383 1513 713 1550 rarescentes
752 1496 935 1568 pandit
973 1515 1177 1554 textura
1220 1520 1449 1568 meatus,

217 1585 374 1635 Illum
412 1589 766 1639 transmittes:
806 1608 940 1658 quae
978 1610 1098 1658 pars
1138 1594 1388 1646 subtilior
1415 1633 1427 1656 ‚
1468 1596 1602 1660 ibit3

223 1673 434 1733 Stabit,
475 1686 527 1724 et
564 1677 617 1725 in
657 1679 774 1729 colo
813 1678 967 1739 fidet,
1022 1699 1157 1750 quae
1197 1685 1461 1745 crassior,
1502 1686 1627 1735 imo.

362 1763 451 1812 Sic
499 1766 831 1831 percolatum
881 1781 1068 1819 curant
1117 1770 1338 1821 densare
1386 1774 1687 1852 liqwrem,

220 1850 617 1920 Incenduntque
653 1872 819 1905 novos
857 1856 1040 1924 ignes3
1090 1877 1224 1910 nova
1262 1860 1426 1910 ahena
1463 1873 1742 1928 parantur,

222 1937 367 1986 Mole
407 1940 609 1990 minora
646 1943 794 2004 aliis,
831 1962 1147 2015 magnasque
1184 1948 1441 1998 imitantia
1475 1951 1677 2016 pelves.

224 2026 416 2075 Munus
461 2029 654 2097 cuique
709 2049 883 2081 suum:
935 2052 1050 2083 nam
1103 2036 1271 2102 pelvis
1321 2038 1488 2103 prima
1536 2050 1784 2105 receptos

213 2113 512 2180 Perpurgat
547 2117 768 2168 latices:
808 2132 916 2169 tum
957 2123 1207 2190 decoquit
1243 2125 1439 2187 altera3
1479 2125 1671 2176 blande

216 2202 399 2251 Tertia
438 2205 753 2270 condensat3
792 2208 1034 2259 densatos
1074 2212 1247 2260 acrius
1285 2224 1467 2279 urget,

212 2288 290 2338 Ac
325 2280 469 2340 lento
509 2293 711 2344 similes
749 2297 960 2345 tandem
999 2297 1173 2348 efficit
1212 2300 1390 2349 ultima
1429 2300 1592 2349 visco.

212 2379 344 2427 Arte
382 2397 511 2443 opus
546 2382 660 2431 hic:
702 2401 922 2450 operum
957 2386 1093 2435 haud
1132 2404 1320 2454 segnes
1358 2389 1575 2455 vigilate
1615 2388 1888 2454 magistri,

170 2474 171 2478 ’
211 2467 283 2516 Et
321 2468 461 2517 vires
494 2487 795 2539 nervosque
832 2490 1015 2524 omnes
1053 2475 1343 2525 intendite:
1383 2493 1640 2543 nusquam

213 2554 380 2620 Culpa
418 2558 580 2625 magis
617 2561 801 2610 nocuit
824 2597 836 2621 ‚
876 2562 1023 2612 stetit
1059 2574 1146 2612 aut
1183 2564 1388 2612 incuria
1425 2564 1574 2613 tanti.

216 2643 388 2707 Saepe
447 2655 522 2694 tot
575 2646 846 2697 exhaustas
905 2666 1081 2699 curas:
1134 2651 1400 2720 durosque
1453 2653 1661 2703 labores

210 2731 374 2780 Ludit
412 2732 683 2800 inexperta
719 2737 1024 2801 tyrunculus
1062 2751 1173 2789 arte
1212 2741 1478 2807 magister.

211 2819 461 2871 Artifices
494 2840 580 2872 res
619 2822 707 2872 illa
748 2843 960 2887 manus,
1010 2827 1279 2895 longoque
1317 2827 1556 2896 reposcit

211 2907 441 2957 Edoctas
478 2929 587 2959 usn.
662 2914 881 2962 Connisi
920 2931 1149 2982 corpore
1186 2928 1298 2966 toto

207 2993 506 3064 Praelongo
561 2998 751 3050 suffixa
800 3014 991 3070 gerunt
1042 3000 1335 3053 cochlearia
1396 3014 1589 3061 conto,

209 3083 280 3131 Et
326 3098 535 3135 versant
587 3098 808 3157 utraque
865 3108 1048 3154 manu3
1100 3092 1335 3141 recidiva
1384 3091 1647 3157 praealto,

211 3170 549 3242 Vicenosque
588 3175 749 3240 pedes
789 3196 1005 3244 superas
1044 3191 1225 3230 evecta
1264 3179 1358 3228 sub
1398 3197 1548 3227 auras

210 3260 465 3310 Sacchara
503 3263 837 3328 propellunt,
889 3267 1232 3333 revolutaque
1279 3285 1462 3315 rursus
1521 3265 1708 3315 eodem
1771 3278 1774 3285 ’

209 3348 603 3415 Praecipitant,
644 3364 981 3421 mersantque
1022 3353 1198 3411 cadis,
1240 3365 1292 3403 et
1331 3371 1486 3420 saepe
1527 3353 1796 3412 volutant,

211 3435 563 3498 Concutiunt,
603 3439 855 3504 miscent,
896 3440 1252 3505 confundunt,
1294 3443 1466 3494 omnia
1502 3450 1728 3524 versant.

2038 1065 2057 1086 0
