2100 3882
148 109 250 158 568
319 106 672 155 GnAnnNEAE.
757 104 1114 156 Onsnnva'rm
1165 122 1479 157 cnoromca
1530 123 1599 156 ΕΤ
1639 112 2006 161 oeconomica-

148 268 426 301 aureorum
478 264 746 319 exposcat.
790 275 800 280 ·
837 253 1025 303 Prisco
1070 264 1316 319 tempore
1350 254 1526 304 molae
1562 255 1635 303 ita
1672 267 2002 306 constructae

145 319 389 382 fuerunt,
427 333 483 371 ut
518 341 543 370 a
569 323 817 387 jumentis
847 336 1339 386 commoverentur-3
1388 340 1700 390 perversum
1748 336 1802 374 et
1847 326 2005 374 nimis

159 391 453 455 pretiosum
520 390 806 456 opificium.
899 394 1030 439 Nam
1084 393 1147 441 ad
1204 395 1394 442 multos
1463 392 1627 441 boves
1670 395 2004 444 necessarios

153 459 400 519 alendos,
458 477 639 526 magna
673 473 842 509 terrae
877 478 996 525 pars
1035 462 1298 524 pasculum
1321 498 1333 520 ,
1396 461 1500 510 alia
1540 463 1603 510 ad
1637 464 1877 527 Maydem
1918 479 2008 512 eo·

150 527 356 577 tendam
384 540 464 577 est
485 529 808 590 adhibenda3
848 539 954 577 tum
987 530 1166 594 plures
1200 532 1424 599 nigritae
1461 531 1712 580 custodes
1742 532 2006 581 statuendi

155 609 304 656 sunt,
345 598 660 665 tandemque
705 615 862 663 saepe
914 600 1063 647 multi
1106 601 1240 649 tauri
1292 600 1471 649 labore
1521 600 1894 660 absumuntur,
1954 611 2010 650 et

152 665 314 714 herus
369 685 500 732 opus
543 668 932 732 interrumpere
982 669 1218 735 cogitur,
1279 669 1381 717 etsi
1435 668 1722 717 arundines
1776 681 2010 719 maturae

154 734 324 784 factae
360 748 494 785 sunt.
569 739 647 785 Ex
680 737 919 785 omnibus
946 738 1029 786 his
1060 737 1354 786 rationibus
1394 737 1584 784 molam
1627 737 1845 788 adducta
1881 756 2013 806 aqua

158 806 482 855 commoveri
512 822 730 854 necesse
771 818 873 856 est.
947 810 1029 856 De
1078 807 1411 855 institutione
1451 806 1605 870 hujus
1649 808 1818 856 molae
1865 807 2013 875 loqui

156 875 511 940 supersedeo,
570 893 726 943 quum
771 893 858 925 res
899 876 967 926 sit
999 888 1135 924 nota.
1233 874 1390 952 Quod
1433 892 1557 923 vero
1601 877 1665 924 ad
1710 876 2014 926 saccharum

156 958 220 991 ex
255 959 412 992 succo
458 961 707 1010 expresso
739 945 1022 1008 parandum
1055 945 1269 1002 attinet,
1308 944 1426 993 sere
1466 962 1719 1011 nusquam
1755 946 2010 996 Brasiliae

152 1023 255 1060 tam
291 1011 558 1063 subtiliter
593 1024 646 1062 et
684 1013 1010 1073 scientifice,
1061 1025 1116 1061 ut
1159 1014 1319 1061 herus
1359 1024 1556 1061 certam
1607 1014 1838 1062 sacchari
1882 1032 2014 1064 mes-

156 1096 268 1130 sem
297 1097 486 1132 securo
514 1100 731 1150 sperare
769 1085 971 1149 possit,
1026 1083 1079 1131 id
1112 1081 1230 1132 fieri
1265 1081 1438 1132 solere
1472 1082 1601 1130 mihi
1652 1083 2009 1133 confitendum

156 1161 252 1199 est.
337 1151 511 1202 Omne
573 1153 843 1218 negotium
906 1169 1011 1199 non
1057 1164 1135 1200 cst
1187 1152 1292 1200 nisi
1347 1151 1650 1200 continuum
1700 1153 2013 1218 periculum,

158 1220 285 1286 quin
320 1221 559 1286 operarii
604 1223 817 1271 omnino
850 1221 1008 1269 inscii
1041 1239 1128 1269 res
1166 1222 1267 1270 sibi
1307 1237 1573 1285 exponere
1619 1223 1842 1288 possint.
1916 1225 2019 1271 Ita-

158 1306 261 1356 que
300 1289 504 1340 fructus
541 1292 764 1339 maxime
802 1301 882 1338 est
924 1289 1136 1359 iniquus
1181 1303 1337 1358 atque
1375 1292 1611 1340 incertus
1661 1301 1713 1341 et
1751 1292 1805 1339 in
1854 1308 1990 1358 quan

154 1358 307 1408 titate
347 1359 582 1408 sacchari
611 1372 662 1409 et
689 1359 960 1426 qualitate.
1923 1387 1926 1390 ·

289 1429 570 1478 Rationem
609 1429 842 1478 sacchari
879 1427 1125 1492 parandi,
1191 1427 1455 1496 quomodo
1515 1430 1570 1477 in
1620 1428 1847 1478 Brasilia
1889 1427 2009 1478 fieri

155 1496 321 1561 solet,
361 1498 515 1564 plane
545 1499 811 1565 explicare
842 1498 928 1546 hic
960 1516 1064 1547 non
1095 1499 1357 1546 convenit.
1430 1498 1622 1547 Paucis
1651 1499 1843 1566 igitur⁸‚
1882 1516 2014 1565 quo-

154 1565 313 1616 modo
331 1568 576 1616 universe
612 1569 890 1633 procedat,
929 1569 1167 1616 narrabo.
1244 1569 1468 1618 Succum
1498 1584 1808 1634 expressum
1846 1567 2016 1626 (Gua-

157 1650 293 1697 ναρα
325 1655 365 1686 s.
409 1635 608 1696 vesoul)
647 1638 701 1685 in
732 1655 974 1703 magnum
1013 1649 1066 1686 ct
1126 1653 1376 1701 cupreum
1429 1637 1658 1688 lebetem
1713 1635 1910 1692 &Coche
1948 1636 2016 1685 do

142 1700 294 1768 jrio,
339 1701 502 1753 Par-ol
529 1703 755 1773 dojrio)
794 1706 1086 1755 transferre
1112 1742 1124 1764 ‚
1186 1707 1436 1775 calceque
1489 1707 1712 1754 admixta
1750 1723 1916 1774 usque
1954 1707 2020 1756 ad

159 1772 271 1822 600
313 1774 1115 1825 ThermemetriReaumuruani
1154 1775 1448 1827 calefacere
1486 1776 1878 1842 properandum
1917 1786 2014 1825 est.

160 1843 331 1914 Quem
369 1844 434 1892 ad
468 1843 710 1894 finem·in
744 1847 845 1895 800
883 1845 1035 1894 libris
1074 1846 1219 1894 succi
1251 1864 1350 1894 una
1384 1846 1518 1894 libra
1562 1845 1722 1894 calcis
1753 1845 2015 1895 consumi-

158 1922 263 1962 tur.
333 1916 531 1964 Succus
579 1931 769 1964 recens
810 1931 1089 1980 expressus
1137 1926 1348 1978 praeter
1397 1915 1570 1964 ambas
1616 1913 1851 1975 sacchari
1896 1932 2016 1980 spe-

157 1981 297 2040 cies,
337 1983 584 2047 crystallo
617 2001 807 2049 nempe
836 1984 944 2048 apti
973 1994 1024 2031 et
1053 2000 1261 2045 semper
1296 1983 1445 2033 fluidi
1470 1980 1798 2046 (ssi‘lelasso),
1852 1984 2010 2032 etiam

157 2050 405 2117 albumen
469 2053 799 2118 vegetabile,
871 2052 1323 2118 chlorophyllum‚
1392 2069 1689 2102 cremorem
1745 2070 1784 2101 s.
1837 2064 2017 2120 partes

158 2137 484 2185 gummoms,
518 2120 733 2181 fibram,
774 2123 1045 2170 materiam
1087 2121 1478 2170 fermentariam
1530 2133 1583 2170 et
1624 2123 1825 2188 aliquot
1879 2123 2016 2172 sales

161 2189 249 2237 vel
276 2191 330 2238 in
364 2191 710 2254 suspensione
750 2192 829 2239 vel
871 2191 1108 2240 chemice
1158 2193 1328 2240 soluta
1368 2192 1620 2241 continet.
1694 2193 1891 2243 Verum
1924 2209 2016 2240 ne-

164 2274 314 2308 cesse
352 2271 466 2321 est>
504 2271 562 2307 ut
591 2260 735 2320 calx,
777 2260 860 2308 cui
891 2260 1098 2326 sanguis
1127 2259 1351 2310 bubulus
1394 2274 1479 2310 aut
1506 2260 1766 2325 interdum
1799 2278 2016 2328 expres-

165 2345 252 2376 sus
302 2344 489 2378 succus
538 2345 782 2378 mucosus
824 2329 1170 2395 Polygoni
1219 2329 2015 2379 antihaemo'rrhoidalis

166 2409 254 2447 aut
285 2397 499 2446 aliarum
532 2397 687 2462 hujus
715 2399 925 2463 generis
949 2399 1240 2464 plantarum
1271 2399 1680 2465 adjicitur(cinis
1713 2399 2016 2450 clavellatus

167 2483 381 2534 quoquc
403 2479 456 2516 et
473 2467 653 2516 sebum
680 2467 983 2525 adhibetur)
1009 2467 1101 2517 has
1122 2470 1351 2532 pensiles
1373 2469 1655 2536 particulas
1673 2480 1725 2518 et
1746 2485 1850 2530 eas,
1884 2485 2020 2537 quae

168 2535 348 2585 calore
379 2537 748 2602 coagulantur,
789 2538 1033 2603 excipiat.
1081 2539 1185 2588 Hic
1216 2555 1496 2604 processus
1526 2537 1837 2587 clarificatio
1870 2536 2021 2599 (Cla-

168 2599 385 2668 rzficar,
427 2605 528 2653 dar
564 2624 624 2655 as
661 2605 907 2654 eubertus
944 2606 1150 2656 (licitur.
1240 2607 1396 2682 Quod
1442 2625 1600 2676 quum
1641 2606 1728 2668 fit,
1780 2626 2024 2674 spumans

170 2675 587 2742 continuumque
620 2674 838 2725 fluidum
870 2693 1070 2726 summo
1104 2678 1157 2725 in
1188 2677 1399 2745 liquore
1428 2677 1716 2736 formatur,
1757 2678 1901 2746 quod
1920 2695 2027 2726 ma-

167 2744 251 2808 gis
297 2746 572 2811 magisque
613 2745 769 2793 bullit
817 2746 1102 2813 ligulisque
1151 2747 1475 2796 dehauritur.
1550 2746 1754 2813 Liquor
1794 2743 2023 2810 (Calda)

171 2811 290 2861 aliis
322 2813 589 2864 lebetibus
623 2815 920 2874 immissus,
978 2832 1094 2864 cum
1123 2834 1253 2884 aqua
1285 2815 1446 2865 calcis
1485 2815 1675 2866 iterum
1709 2827 1894 2865 coctus
1935 2817 2026 2865 de-

173 2894 580 2951 spumatusque‚
648 2885 879 2940 crassior
926 2884 1130 2942 evadit,
1191 2896 1244 2934 et
1289 2885 1552 2935 lentescit.
1636 2887 1747 2934 Jam
1788 2899 1925 2933 nunc
1970 2885 2026 2933 in

173 2949 292 2998 aliis
339 2953 474 3000 vasis
525 2953 698 3002 minus
743 2953 1020 3019 profundis
1057 2954 1432 3021 refrigeratur,
1505 2955 1735 3021 indeque
1774 2952 2029 3003 fictilibus

173 3019 402 3068 modulis
445 3021 668 3070 obverse
712 3023 914 3072 conicis
958 3034 1179 3090 utraque
1220 3024 1552 3072 extremitate
1588 3023 1784 3088 apertis
1830 3022 2031 3088 excipi-

173 3098 297 3146 tur,
339 3105 458 3137 cum
495 3090 547 3137 in
575 3090 734 3139 finem
761 3128 773 3150 ,
811 3103 866 3140 ut
902 3092 1135 3141 sacchari
1171 3110 1325 3157 pars,
1380 3109 1511 3158 quae
1546 3091 1596 3138 in
1641 3091 1913 3155 crystallos
1951 3094 2032 3140 in·-

175 3157 391 3206 duratur
420 3175 574 3221 supra
612 3158 823 3208 fluidam
860 3161 998 3208 illam
1034 3159 1330 3224 (Melasso)
1373 3161 1662 3220 formetur,
1702 3163 1755 3208 in
1792 3161 1908 3209 aliis
1943 3178 2032 3209 va·

177 3226 249 3273 sis
293 3228 582 3293 suppositis
631 3230 1010 3294 excipiendam.
1095 3231 1328 3291 Argillae
1371 3230 1697 3278 humectatae
1746 3229 2030 3295 pauxillum

179 3311 338 3361 super
366 3296 669 3345 saccharum
699 3310 805 3345 tum
835 3300 1118 3357 sternitur,
1171 3299 1316 3360 cujus
1352 3298 1630 3347 humiditas
1677 3299 1923 3348 deorsum
1958 3299 2030 3347 la-

182 3363 315 3413 bens
345 3365 578 3414 sacchari
609 3363 755 3414 fluidi
790 3368 1017 3433 guttulas
1045 3385 1070 3414 a
1102 3367 1285 3416 solidis
1316 3369 1571 3432 crystallis
1616 3368 1867 3435 abstergit
1915 3384 2025 3415 ver-

177 3449 368 3502 susque
416 3433 615 3485 moduli
644 3434 858 3486 fundum
897 3435 1104 3486 facilius
1143 3437 1387 3498 deducit,
1435 3437 1691 3503 crystallis
1724 3437 2030 3503 purioribus
