2100 3882
163 181 233 232 52
737 175 1082 224 Gnfflmean.
1154 174 1456 224 mammo.

177 328 396 377 brevem
425 324 731 392 adpressum
764 322 953 391 vagina
993 322 1331 384 reconditum
1367 319 1682 389 florigerum
1721 322 2048 384 emittentes,

179 398 244 446 ad
281 397 486 462 apicem
526 393 774 460 vaginati.
881 391 1116 459 Vaginae
1154 392 1476 441 internodiis
1527 391 1833 458 longiores,
1899 393 2050 443 foliis

180 467 496 532 ampliores,
536 465 713 522 laxae,
752 478 1119 528 compressae,
1159 464 1369 522 laeves,
1408 461 1652 528 glabrae,
1704 461 1944 530 margine
1974 463 2053 512 ci·

178 536 351 585 liatae.
424 533 613 600 Ligula
642 533 985 593 brevissima,
1034 544 1303 591 truncata,
1356 532 1513 581 nuda.
1608 531 1761 581 Folia
1800 532 2057 598 pollicem

180 606 365 672 longa,
432 603 625 652 lineam
664 602 795 663 lata,
861 601 1409 659 lineari-attenuata,
1479 601 1661 666 plana,
1731 613 1938 662 erecta,
1997 603 2055 650 in

183 677 372 741 pagina
402 673 712 736 superiore,
770 683 877 720 tum
908 671 973 719 ad
997 673 1265 737 margines
1294 671 1583 738 subtusque
1612 671 1666 719 in
1696 682 1872 730 costa,
1924 671 2052 737 pilis

177 745 350 811 longis
386 743 519 791 albis
553 760 582 790 e
612 736 895 789 tuberculo
924 741 1056 789 ortis
1094 742 1360 808 adspersa,
1399 741 1453 788 in
1485 741 1755 789 nonnullis
1784 751 1897 789 tota
1932 741 2052 791 fere

178 813 357 881 glabra
397 830 497 861 nec
536 811 641 859 nisi
683 811 796 860 basi
836 810 1065 859 hirsutie
1101 810 1315 860 vestita.
1408 810 1608 877 Vagina
1647 827 1892 876 suprema
1932 811 2056 860 sub-

179 883 414 949 aphylla,
504 881 675 947 spicas
723 880 1039 946 plerumque
1101 881 1386 947 attingens,
1498 881 1690 946 Spicae
1738 880 2055 947 geminatae,

180 971 291 1019 9-—
315 970 375 1001 10
415 951 582 999 lineas
618 952 838 1016 longae,
895 951 1068 1015 primo
1108 952 1422 1016 contiguae,
1480 950 1714 1018 denique
1757 967 1942 1016 parum
1976 950 2057 998 di·

183 1033 494 1088 vergentes,
534 1020 650 1068 basi
679 1019 948 1069 barbatae.
1019 1018 1253 1068 Rhachis
1287 1019 1584 1069 communis
1615 1019 1783 1083 nulla3
1835 1019 2058 1086 propria

183 1090 694 1150 nudato-flexuosa,
737 1107 894 1154 supra
920 1087 1103 1154 plana,
1146 1090 1328 1137 subtus
1362 1090 1623 1149 carinam,
1675 1091 1914 1155 margine
1943 1105 2058 1139 sca-

176 1162 288 1211 bra.
365 1161 609 1227 Spiculae
642 1158 936 1217 solitariae,
974 1158 1289 1209 brevissime
1318 1158 1691 1224 pedicellatae,
1743 1158 1927 1208 rhachi
1960 1176 2055 1225 pa-

172 1250 289 1280 rum
313 1231 560 1283 latiores,
602 1229 952 1287 orbiculatae,
990 1227 1116 1276 hinc
1150 1229 1365 1294 planae,
1406 1228 1530 1277 inde
1564 1244 1848 1278 convexae.
1919 1229 2051 1279 Glu-

171 1318 285 1350 mae
311 1298 647 1366 longitudine
673 1296 905 1356 flosculi,
945 1299 1219 1365 aequales,
1261 1299 1511 1356 obtusae,
1550 1299 1845 1357 'crinem-es,
1897 1298 2050 1365 palli-

173 1371 296 1430 dae,
377 1369 668 1418 tuberculis
725 1367 900 1432 parvis
952 1384 1051 1416 ceu
1095 1368 1306 1434 papillis
1357 1380 1728 1432 exasperatae,
1801 1385 1936 1436 quae
1983 1367 2050 1417 ad

171 1433 415 1491 ciliorum
469 1438 909 1488 brevissimorum
960 1438 1191 1503 speciem
1237 1437 1560 1504 prominent.
1651 1440 1880 1487 Fructus
1922 1437 2048 1488 hine

170 1510 321 1560 valde
353 1508 575 1576 gibbus,
612 1507 968 1556 minutissime
999 1506 1604 1574 punctulato-striatus‚
1641 1507 1884 1576 pallidus.

308 1594 564 1644 Habitat:
622 1614 741 1646 var.
772 1615 818 1643 cc.
853 1593 905 1642 in
941 1593 1142 1662 campis
1177 1593 1497 1662 graminosis
1540 1593 1612 1643 ad
1634 1591 1786 1659 fluv.
1834 1592 2047 1661 Cary-n-

169 1664 383 1726 ]zanlza,
461 1682 617 1733 prov.
661 1662 953 1714 Mimo-um
1003 1673 1056 1712 et
1111 1663 1251 1713 inter
1288 1663 1533 1713 Joazeiro
1573 1673 1624 1713 et
1669 1662 1859 1713 Oeiras
1888 1681 2045 1732 prov.

172 1733 648 1785 Pernambucensis
704 1744 756 1784 et
799 1732 1166 1783 Piazzlziensis:
1224 1732 1489 1784 Ilffartius.
1526 1764 1597 1774 --
1662 1731 1932 1800 (Sellow.)
1977 1761 2050 1772 -·

178 1806 289 1854 Vid,
319 1806 373 1854 ἰη
398 1804 562 1854 Herb.
598 1803 736 1873 Reg.
764 1802 982 1868 BeroL,
1021 1802 1189 1853 Her&
1213 1802 1281 1853 cl.
1315 1801 1467 1854 Trin.
1493 1837 1561 1846 -
1607 1803 1739 1855 Var.
1765 1812 1813 1856 β.
1834 1803 1890 1853 in
1958 1820 2044 1851 ra·

172 1875 388 1924 minosis
430 1873 727 1923 lzerbidisve
761 1874 833 1922 acl
853 1871 1102 1939 flumina
1151 1871 1423 1938 Canuma',
1496 1872 1782 1942 Apacax'is
1814 1883 1867 1923 et
1918 1872 1927 1875 ’
1985 1890 2042 1921 α·

170 1945 319 1994 deira
344 1944 754 2012 provinciarum
786 1942 841 1993 F
839 1942 1054 1994 luminis
1083 1944 1243 2012 IVigri
1270 1953 1320 1993 et
1345 1942 1647 1994 Ριιναέηεὶε.
1689 1940 1925 1994 Martio.

303 2034 536 2084 Adnot.
609 2034 859 2084 Proxima
885 2031 1115 2082 affinitas
1146 2032 1436 2082 intercedit
1466 2033 1611 2082 inter
1641 2033 1782 2081 hunc
1811 2044 1865 2082 et
1895 2034 2044 2082 Pas-

165 2104 382 2170 palum
420 2103 870 2171 parviflorum
906 2102 1126 2160 Rohde,
1179 2102 1364 2151 differt
1393 2120 1520 2153 vero
1557 2103 1646 2152 hic
1679 2102 1825 2152 foliis
1853 2119 2046 2170 angus-

165 2174 426 2235 tioribus,
485 2173 701 2238 spiculis
736 2173 899 2239 triplo
928 2173 1046 2222 sere
1085 2172 1379 2222 minoribus
1413 2172 1467 2220 in
1502 2173 1664 2238 spicis
1700 2172 2047 2239 patenti-re·-

165 2241 318 2292 flexis
338 2281 350 2304 ,
389 2243 576 2309 glumis
605 2243 880 2292 binerviiS.
954 2245 1040 2303 (V.
1075 2242 1127 2290 in
1156 2242 1321 2291 Herb.
1350 2242 1564 2306 Willd.)

303 2327 632 2390 Paspalus
672 2325 1097 2374 multicaulis
1140 2325 1283 2373 Poir.
1306 2361 1318 2384 ,
1357 2328 1419 2373 R.
1453 2327 1505 2374 S.
1538 2325 1573 2373 l.
1605 2325 1718 2374 citt.
1738 2360 1751 2385 ,
1801 2323 1905 2372 nisi
1935 2322 2045 2390 spi·

166 2395 297 2443 culis
330 2395 559 2443 minimis
597 2396 898 2461 descriptus
948 2396 1015 2444 sit
1076 2394 1328 2462 foliisque
1377 2394 1662 2461 subpilosis
1680 2430 1693 2451 ,
1770 2404 2046 2443 taceantur

164 2465 370 2532 glumae
401 2465 691 2532 papulo'sae
710 2501 723 2526 ,
763 2464 917 2531 hujus
944 2464 1053 2514 loci
1080 2464 1267 2514 haberi
1298 2475 1499 2530 posset.
1560 2464 1827 2536 ‘Addimus
1857 2461 2045 2513 defini-

165 2546 396 2583 nonem:
1658 2572 1661 2574 v

301 2617 628 2682 Paspalus
673 2616 1103 2665 multicaulis
1144 2616 1320 2664 Poir.:
1379 2614 1542 2681 spicis
1583 2613 1725 2663 binis
1760 2614 2044 2680 conjunga-

168 2684 230 2733 tis
278 2686 691 2750 angustissimis,
771 2685 988 2751 spiculis
1034 2685 1442 2734 suborbiculatis
1491 2683 1723 2732 minimis
1776 2683 2042 2732 biseriali-

171 2771 292 2814 nus,
347 2755 504 2803 ramis
557 2755 891 2815 axillaribus,
954 2754 1100 2803 soliis
1153 2754 1444 2802 linearibus
1495 2753 1689 2802 erectis
1737 2753 2040 2821 subpilosis.

171 2824 312 2873 Poir.
352 2825 386 2871 l.
427 2841 470 2872 c.

301 2908 528 2960 Habitat
557 2911 611 2960 ἱη
639 2908 900 2961 Brasllia.
974 2904 1155 2978 (Desf.
1191 2917 1240 2958 et
1274 2907 1442 2960 Dese).
1479 2907 1672 2974 Herb.)

605 3037 675 3078 58-
735 3041 1108 3079 PASPALUS
1172 3041 1512 3078 PUMILUS.
1553 3033 1583 3085 †

306 3128 367 3177 P.
410 3128 572 3193 spicis
602 3128 743 3177 binis
775 3126 1182 3193 adproximatis‚
1238 3127 1421 3176 rhachi
1465 3128 1618 3194 plana
1658 3125 1874 3193 spiculis
1916 3125 2042 3176 soli-

170 3194 319 3243 tariis
351 3199 656 3262 angustiore
677 3235 689 3258 ,
742 3197 931 3263 glumis
969 3196 1566 3261 orbiculato-ellimicis
1603 3195 1805 3245 obtusis
1838 3195 2036 3263 glabris

165 3262 440 3312 flosculum
468 3267 846 3334 aequantibus,
887 3266 1060 3314 culmo
1096 3266 1324 3331 simplici
1352 3266 1706 3316 adscendente
1733 3264 2036 3333 paucinodi,

165 3333 307 3382 soliis
338 3335 970 3385 lanceolam-linearibus
1002 3334 1202 3402 planis:
1510 3357 1514 3364 ·

298 3437 346 3469 οι.
385 3416 532 3466 foliis
564 3419 876 3486 vaginis-que
905 3417 1136 3484 glabrisg,

294 3508 341 3552 β.
382 3499 527 3547 soliis
569 3501 880 3568 vaginisque
917 3499 1419 3569 villoso-mollibus.

297 3586 468 3637 Radix
503 3593 667 3638 dense
703 3586 899 3639 fibrosa
940 3589 1228 3655 caespitem
1268 3589 1528 3639 emittens.
1628 3584 1804 3639 culmi
1836 3585 2035 3652 plures,
