<?xml version="1.0" encoding="UTF-8"?>
<!DOCTYPE html PUBLIC "-//W3C//DTD XHTML 1.0 Transitional//EN"
    "http://www.w3.org/TR/xhtml1/DTD/xhtml1-transitional.dtd">
<html xmlns="http://www.w3.org/1999/xhtml" xml:lang="en" lang="en">
 <head>
  <title>
</title>
<meta http-equiv="Content-Type" content="text/html;charset=utf-8" />
  <meta name='ocr-system' content='tesseract 3.04.00' />
  <meta name='ocr-capabilities' content='ocr_page ocr_carea ocr_par ocr_line ocrx_word'/>
</head>
<body>
  <div class='ocr_page' id='page_1' title='image "./florabrasiliensi02mart_0141.png"; bbox 0 0 2100 3882; ppageno 0'>
   <div class='ocr_carea' id='block_1_1' title="bbox 620 138 1912 207">
    <p class='ocr_par' dir='ltr' id='par_1_1' title="bbox 620 138 1912 207">
     <span class='ocr_line' id='line_1_1' title="bbox 620 138 1912 207; baseline 0.005 -18"><span class='ocrx_word' id='word_1_1' title='bbox 620 138 972 189; x_wconf 56' lang='lat' dir='ltr'><strong>Gummnas.</strong></span> <span class='ocrx_word' id='word_1_2' title='bbox 1048 139 1317 207; x_wconf 62' lang='lat' dir='ltr'><strong>l&#39;samcmu.</strong></span> <span class='ocrx_word' id='word_1_3' title='bbox 1809 144 1912 196; x_wconf 86' lang='lat'><strong>127</strong></span> 
     </span>
    </p>
   </div>
   <div class='ocr_carea' id='block_1_2' title="bbox 2 285 1914 1743">
    <p class='ocr_par' dir='ltr' id='par_1_2' title="bbox 2 285 1914 1743">
     <span class='ocr_line' id='line_1_2' title="bbox 39 285 1913 354; baseline 0.001 -13"><span class='ocrx_word' id='word_1_4' title='bbox 39 289 244 341; x_wconf 82' lang='lat' dir='ltr'><strong>villosa.</strong></span> <span class='ocrx_word' id='word_1_5' title='bbox 330 287 482 338; x_wconf 88' lang='lat' dir='ltr'><strong>Rami</strong></span> <span class='ocrx_word' id='word_1_6' title='bbox 529 285 822 336; x_wconf 84' lang='lat' dir='ltr'><strong>inferiores</strong></span> <span class='ocrx_word' id='word_1_7' title='bbox 873 286 1030 351; x_wconf 62' lang='lat'>{3——1</span> <span class='ocrx_word' id='word_1_8' title='bbox 1084 286 1342 353; x_wconf 86' lang='lat' dir='ltr'>pollicem</span> <span class='ocrx_word' id='word_1_9' title='bbox 1385 286 1567 354; x_wconf 80' lang='lat' dir='ltr'><strong>longi,</strong></span> <span class='ocrx_word' id='word_1_10' title='bbox 1628 288 1778 339; x_wconf 79' lang='lat' dir='ltr'><strong>valde</strong></span> <span class='ocrx_word' id='word_1_11' title='bbox 1814 290 1913 342; x_wconf 68' lang='lat' dir='ltr'><strong>fle-</strong></span> 
     </span>
     <span class='ocr_line' id='line_1_3' title="bbox 40 355 1913 424; baseline 0.001 -15"><span class='ocrx_word' id='word_1_12' title='bbox 40 359 224 417; x_wconf 87' lang='lat' dir='ltr'><strong>xuosi,</strong></span> <span class='ocrx_word' id='word_1_13' title='bbox 263 358 461 416; x_wconf 88' lang='lat' dir='ltr'><strong>erecti,</strong></span> <span class='ocrx_word' id='word_1_14' title='bbox 496 356 782 424; x_wconf 86' lang='lat' dir='ltr'><strong>triquetri,</strong></span> <span class='ocrx_word' id='word_1_15' title='bbox 821 355 1034 413; x_wconf 82' lang='lat' dir='ltr'><strong>villosi,</strong></span> <span class='ocrx_word' id='word_1_16' title='bbox 1097 358 1403 422; x_wconf 82' lang='lat' dir='ltr'><strong>superiores</strong></span> <span class='ocrx_word' id='word_1_17' title='bbox 1454 358 1648 407; x_wconf 88' lang='lat' dir='ltr'><strong>sensim</strong></span> <span class='ocrx_word' id='word_1_18' title='bbox 1696 359 1913 412; x_wconf 84' lang='lat' dir='ltr'><strong>brevio-</strong></span> 
     </span>
     <span class='ocr_line' id='line_1_4' title="bbox 41 426 1913 493; baseline 0.001 -15"><span class='ocrx_word' id='word_1_19' title='bbox 41 447 160 487; x_wconf 85' lang='lat' dir='ltr'>res,</span> <span class='ocrx_word' id='word_1_20' title='bbox 200 428 292 476; x_wconf 90' lang='lat' dir='ltr'><strong>alii</strong></span> <span class='ocrx_word' id='word_1_21' title='bbox 328 427 647 492; x_wconf 88' lang='lat' dir='ltr'><strong>simpliciter</strong></span> <span class='ocrx_word' id='word_1_22' title='bbox 675 426 893 491; x_wconf 86' lang='lat' dir='ltr'><strong>spicati,</strong></span> <span class='ocrx_word' id='word_1_23' title='bbox 934 426 1157 489; x_wconf 86' lang='lat' dir='ltr'><strong>spiculis</strong></span> <span class='ocrx_word' id='word_1_24' title='bbox 1184 444 1342 491; x_wconf 85' lang='lat' dir='ltr'><strong>saepe</strong></span> <span class='ocrx_word' id='word_1_25' title='bbox 1378 428 1605 493; x_wconf 77' lang='lat' dir='ltr'><strong>geminis</strong></span> <span class='ocrx_word' id='word_1_26' title='bbox 1640 429 1727 478; x_wconf 84' lang='lat' dir='ltr'><strong>vel</strong></span> <span class='ocrx_word' id='word_1_27' title='bbox 1750 430 1913 479; x_wconf 86' lang='lat' dir='ltr'><strong>etiam</strong></span> 
     </span>
     <span class='ocr_line' id='line_1_5' title="bbox 48 495 1914 560; baseline 0.001 -13"><span class='ocrx_word' id='word_1_28' title='bbox 48 497 303 547; x_wconf 84' lang='lat' dir='ltr'><strong>solitariis</strong></span> <span class='ocrx_word' id='word_1_29' title='bbox 326 532 339 556; x_wconf 95' lang='lat'><strong>,</strong></span> <span class='ocrx_word' id='word_1_30' title='bbox 379 496 470 544; x_wconf 88' lang='lat' dir='ltr'><strong>alii</strong></span> <span class='ocrx_word' id='word_1_31' title='bbox 509 495 623 543; x_wconf 87' lang='lat' dir='ltr'><strong>basi</strong></span> <span class='ocrx_word' id='word_1_32' title='bbox 655 495 839 544; x_wconf 88' lang='lat' dir='ltr'><strong>saltem</strong></span> <span class='ocrx_word' id='word_1_33' title='bbox 875 496 1161 559; x_wconf 74' lang='lat' dir='ltr'><strong>compositi</strong></span> <span class='ocrx_word' id='word_1_34' title='bbox 1194 496 1410 544; x_wconf 89' lang='lat' dir='ltr'><strong>ramulis</strong></span> <span class='ocrx_word' id='word_1_35' title='bbox 1456 497 1708 547; x_wconf 74' lang='lat' dir='ltr'><strong>brevibus</strong></span> <span class='ocrx_word' id='word_1_36' title='bbox 1748 499 1914 560; x_wconf 75' lang='grc'><strong>3-4-</strong></span> 
     </span>
     <span class='ocr_line' id='line_1_6' title="bbox 50 564 1911 635; baseline 0.002 -19"><span class='ocrx_word' id='word_1_37' title='bbox 50 566 232 625; x_wconf 80' lang='lat' dir='ltr'><strong>ssoriS,</strong></span> <span class='ocrx_word' id='word_1_38' title='bbox 287 566 428 614; x_wconf 90' lang='lat' dir='ltr'><strong>unde</strong></span> <span class='ocrx_word' id='word_1_39' title='bbox 473 564 707 630; x_wconf 89' lang='lat' dir='ltr'><strong>spiculae</strong></span> <span class='ocrx_word' id='word_1_40' title='bbox 742 564 796 612; x_wconf 92' lang='lat' dir='ltr'><strong>in</strong></span> <span class='ocrx_word' id='word_1_41' title='bbox 843 564 926 612; x_wconf 89' lang='lat' dir='ltr'><strong>his</strong></span> <span class='ocrx_word' id='word_1_42' title='bbox 964 566 1287 630; x_wconf 77' lang='lat' dir='ltr'>glomeratae</span> <span class='ocrx_word' id='word_1_43' title='bbox 1318 566 1585 616; x_wconf 79' lang='lat' dir='ltr'><strong>videntur.</strong></span> <span class='ocrx_word' id='word_1_44' title='bbox 1659 569 1911 635; x_wconf 85' lang='lat' dir='ltr'><strong>Spiculae</strong></span> 
     </span>
     <span class='ocr_line' id='line_1_7' title="bbox 50 633 1913 701; baseline 0.001 -16"><span class='ocrx_word' id='word_1_45' title='bbox 50 636 483 701; x_wconf 44' lang='lat' dir='ltr'><strong>lineamltngae,</strong></span> <span class='ocrx_word' id='word_1_46' title='bbox 522 645 704 684; x_wconf 84' lang='lat' dir='ltr'><strong>ovatae</strong></span> <span class='ocrx_word' id='word_1_47' title='bbox 737 634 822 684; x_wconf 84' lang='lat' dir='ltr'><strong>vel</strong></span> <span class='ocrx_word' id='word_1_48' title='bbox 856 633 1141 695; x_wconf 84' lang='lat' dir='ltr'><strong>obovatae,</strong></span> <span class='ocrx_word' id='word_1_49' title='bbox 1182 635 1400 682; x_wconf 79' lang='lat' dir='ltr'><strong>obtusae</strong></span> <span class='ocrx_word' id='word_1_50' title='bbox 1424 672 1435 694; x_wconf 94' lang='lat'><strong>,</strong></span> <span class='ocrx_word' id='word_1_51' title='bbox 1477 648 1718 699; x_wconf 81' lang='lat' dir='ltr'><strong>erectae,</strong></span> <span class='ocrx_word' id='word_1_52' title='bbox 1755 638 1913 687; x_wconf 88' lang='lat' dir='ltr'><strong>undi-</strong></span> 
     </span>
     <span class='ocr_line' id='line_1_8' title="bbox 41 703 1912 775; baseline 0.002 -21"><span class='ocrx_word' id='word_1_53' title='bbox 41 721 249 773; x_wconf 82' lang='lat' dir='ltr'><strong>quaque</strong></span> <span class='ocrx_word' id='word_1_54' title='bbox 287 706 523 753; x_wconf 85' lang='lat' dir='ltr'><strong>directae</strong></span> <span class='ocrx_word' id='word_1_55' title='bbox 547 740 560 763; x_wconf 88' lang='lat'><strong>,</strong></span> <span class='ocrx_word' id='word_1_56' title='bbox 602 703 833 754; x_wconf 72' lang='lat' dir='ltr'><strong>sessiles.</strong></span> <span class='ocrx_word' id='word_1_57' title='bbox 909 703 1094 753; x_wconf 79' lang='lat' dir='ltr'><strong>Gluma</strong></span> <span class='ocrx_word' id='word_1_58' title='bbox 1124 703 1352 751; x_wconf 82' lang='lat' dir='ltr'><strong>inferior</strong></span> <span class='ocrx_word' id='word_1_59' title='bbox 1374 706 1646 757; x_wconf 84' lang='lat' dir='ltr'><strong>uninervis</strong></span> <span class='ocrx_word' id='word_1_60' title='bbox 1671 743 1683 767; x_wconf 98' lang='lat'><strong>,</strong></span> <span class='ocrx_word' id='word_1_61' title='bbox 1722 708 1778 757; x_wconf 90' lang='lat' dir='ltr'><strong>in</strong></span> <span class='ocrx_word' id='word_1_62' title='bbox 1802 710 1912 775; x_wconf 87' lang='lat' dir='ltr'><strong>spi-</strong></span> 
     </span>
     <span class='ocr_line' id='line_1_9' title="bbox 46 772 1909 839; baseline 0.002 -15"><span class='ocrx_word' id='word_1_63' title='bbox 46 775 180 824; x_wconf 86' lang='lat' dir='ltr'>culis</span> <span class='ocrx_word' id='word_1_64' title='bbox 228 773 577 822; x_wconf 82' lang='lat' dir='ltr'><strong>inferioribus</strong></span> <span class='ocrx_word' id='word_1_65' title='bbox 634 784 687 821; x_wconf 86' lang='lat' dir='ltr'><strong>et</strong></span> <span class='ocrx_word' id='word_1_66' title='bbox 750 773 807 821; x_wconf 91' lang='lat' dir='ltr'><strong>in</strong></span> <span class='ocrx_word' id='word_1_67' title='bbox 864 773 1234 839; x_wconf 85' lang='lat' dir='ltr'><strong>superioribus</strong></span> <span class='ocrx_word' id='word_1_68' title='bbox 1270 772 1561 824; x_wconf 79' lang='lat' dir='ltr'><strong>lanceolata</strong></span> <span class='ocrx_word' id='word_1_69' title='bbox 1599 780 1909 839; x_wconf 86' lang='lat' dir='ltr'><strong>acuminata,</strong></span> 
     </span>
     <span class='ocr_line' id='line_1_10' title="bbox 2 829 1907 912; baseline 0.002 -19"><span class='ocrx_word' id='word_1_70' title='bbox 2 829 14 842; x_wconf 33' lang='grc' dir='ltr'>ι</span> <span class='ocrx_word' id='word_1_71' title='bbox 46 843 326 909; x_wconf 82' lang='lat' dir='ltr'><strong>superiore</strong></span> <span class='ocrx_word' id='word_1_72' title='bbox 349 843 570 891; x_wconf 79' lang='lat' dir='ltr'><strong>dimidio</strong></span> <span class='ocrx_word' id='word_1_73' title='bbox 600 843 802 901; x_wconf 86' lang='lat' dir='ltr'><strong>minor,</strong></span> <span class='ocrx_word' id='word_1_74' title='bbox 852 842 906 890; x_wconf 91' lang='lat' dir='ltr'><strong>in</strong></span> <span class='ocrx_word' id='word_1_75' title='bbox 947 843 1139 891; x_wconf 89' lang='lat' dir='ltr'><strong>mediis</strong></span> <span class='ocrx_word' id='word_1_76' title='bbox 1178 843 1375 891; x_wconf 78' lang='lat' dir='ltr'><strong>minuta</strong></span> <span class='ocrx_word' id='word_1_77' title='bbox 1397 880 1408 900; x_wconf 85' lang='lat'><strong>‚</strong></span> <span class='ocrx_word' id='word_1_78' title='bbox 1451 848 1907 912; x_wconf 86' lang='lat' dir='ltr'><strong>squamaeformis,</strong></span> 
     </span>
     <span class='ocr_line' id='line_1_11' title="bbox 42 910 1910 980; baseline -0.002 -19"><span class='ocrx_word' id='word_1_79' title='bbox 42 912 354 974; x_wconf 80' lang='lat' dir='ltr'><strong>rotundata3</strong></span> <span class='ocrx_word' id='word_1_80' title='bbox 394 912 640 978; x_wconf 84' lang='lat' dir='ltr'><strong>superior</strong></span> <span class='ocrx_word' id='word_1_81' title='bbox 657 910 936 960; x_wconf 87' lang='lat' dir='ltr'><strong>flosculum</strong></span> <span class='ocrx_word' id='word_1_82' title='bbox 967 912 1246 961; x_wconf 84' lang='lat' dir='ltr'><strong>masculum</strong></span> <span class='ocrx_word' id='word_1_83' title='bbox 1273 929 1530 980; x_wconf 71' lang='lat' dir='ltr'><strong>aequam„</strong></span> <span class='ocrx_word' id='word_1_84' title='bbox 1572 931 1747 977; x_wconf 78' lang='lat' dir='ltr'><strong>ovata,</strong></span> <span class='ocrx_word' id='word_1_85' title='bbox 1788 935 1910 966; x_wconf 80' lang='lat' dir='ltr'><strong>acu-</strong></span> 
     </span>
     <span class='ocr_line' id='line_1_12' title="bbox 39 982 1909 1049; baseline 0.003 -18"><span class='ocrx_word' id='word_1_86' title='bbox 39 995 121 1038; x_wconf 88' lang='lat' dir='ltr'><strong>ta,</strong></span> <span class='ocrx_word' id='word_1_87' title='bbox 181 983 509 1039; x_wconf 83' lang='lat' dir='ltr'><strong>ventricosa,</strong></span> <span class='ocrx_word' id='word_1_88' title='bbox 562 982 997 1049; x_wconf 74' lang='lat' dir='ltr'><strong>quinquenervis.</strong></span> <span class='ocrx_word' id='word_1_89' title='bbox 1072 982 1348 1031; x_wconf 87' lang='lat' dir='ltr'><strong>Flosculus</strong></span> <span class='ocrx_word' id='word_1_90' title='bbox 1384 983 1610 1033; x_wconf 83' lang='lat' dir='ltr'><strong>inferior</strong></span> <span class='ocrx_word' id='word_1_91' title='bbox 1650 987 1909 1037; x_wconf 82' lang='lat' dir='ltr'><strong>masculus</strong></span> 
     </span>
     <span class='ocr_line' id='line_1_13' title="bbox 47 1044 1910 1118; baseline 0.002 -17"><span class='ocrx_word' id='word_1_92' title='bbox 47 1051 301 1111; x_wconf 80' lang='lat' dir='ltr'><strong>hivalvis,</strong></span> <span class='ocrx_word' id='word_1_93' title='bbox 341 1051 548 1118; x_wconf 82' lang='lat' dir='ltr'><strong>glumae</strong></span> <span class='ocrx_word' id='word_1_94' title='bbox 585 1044 851 1117; x_wconf 73' lang='lat' dir='ltr'><strong>superiori</strong></span> <span class='ocrx_word' id='word_1_95' title='bbox 885 1050 1074 1100; x_wconf 89' lang='lat' dir='ltr'><strong>similis</strong></span> <span class='ocrx_word' id='word_1_96' title='bbox 1105 1063 1155 1100; x_wconf 79' lang='lat' dir='ltr'><strong>et</strong></span> <span class='ocrx_word' id='word_1_97' title='bbox 1195 1051 1458 1118; x_wconf 72' lang='lat' dir='ltr'><strong>aequalis,</strong></span> <span class='ocrx_word' id='word_1_98' title='bbox 1499 1054 1643 1118; x_wconf 78' lang='lat' dir='ltr'><strong>cujus</strong></span> <span class='ocrx_word' id='word_1_99' title='bbox 1674 1056 1910 1106; x_wconf 80' lang='lat' dir='ltr'><strong>valvulae</strong></span> 
     </span>
     <span class='ocr_line' id='line_1_14' title="bbox 46 1120 1913 1189; baseline 0.003 -20"><span class='ocrx_word' id='word_1_100' title='bbox 46 1138 289 1189; x_wconf 85' lang='lat' dir='ltr'><strong>quoque,</strong></span> <span class='ocrx_word' id='word_1_101' title='bbox 329 1120 740 1187; x_wconf 80' lang='lat' dir='ltr'><strong>sicut.glumae,</strong></span> <span class='ocrx_word' id='word_1_102' title='bbox 788 1121 1078 1171; x_wconf 85' lang='lat' dir='ltr'><strong>tuberculis</strong></span> <span class='ocrx_word' id='word_1_103' title='bbox 1117 1121 1444 1186; x_wconf 78' lang='lat' dir='ltr'><strong>glandulosis</strong></span> <span class='ocrx_word' id='word_1_104' title='bbox 1482 1123 1764 1188; x_wconf 85' lang='lat' dir='ltr'><strong>pellucidis</strong></span> <span class='ocrx_word' id='word_1_105' title='bbox 1801 1125 1913 1174; x_wconf 86' lang='lat' dir='ltr'><strong>fus-</strong></span> 
     </span>
     <span class='ocr_line' id='line_1_15' title="bbox 45 1189 1913 1257; baseline 0.003 -17"><span class='ocrx_word' id='word_1_106' title='bbox 45 1192 124 1241; x_wconf 89' lang='lat' dir='ltr'><strong>cis</strong></span> <span class='ocrx_word' id='word_1_107' title='bbox 174 1189 422 1257; x_wconf 82' lang='lat' dir='ltr'><strong>piligeris</strong></span> <span class='ocrx_word' id='word_1_108' title='bbox 470 1191 747 1257; x_wconf 82' lang='lat' dir='ltr'><strong>inspersae</strong></span> <span class='ocrx_word' id='word_1_109' title='bbox 798 1201 1098 1238; x_wconf 84' lang='lat' dir='ltr'><strong>canescunt.</strong></span> <span class='ocrx_word' id='word_1_110' title='bbox 1183 1190 1402 1240; x_wconf 71' lang='lat' dir='ltr'><strong>Valvula</strong></span> <span class='ocrx_word' id='word_1_111' title='bbox 1443 1194 1689 1256; x_wconf 83' lang='lat' dir='ltr'><strong>superior</strong></span> <span class='ocrx_word' id='word_1_112' title='bbox 1730 1207 1913 1245; x_wconf 51' lang='lat' dir='ltr'><strong>ovato-¹</strong></span> 
     </span>
     <span class='ocr_line' id='line_1_16' title="bbox 34 1259 1905 1330; baseline 0.002 -20"><span class='ocrx_word' id='word_1_113' title='bbox 34 1260 290 1327; x_wconf 84' lang='lat' dir='ltr'><strong>oblonga,</strong></span> <span class='ocrx_word' id='word_1_114' title='bbox 361 1259 580 1317; x_wconf 80' lang='lat' dir='ltr'><strong>obtusa,</strong></span> <span class='ocrx_word' id='word_1_115' title='bbox 655 1259 987 1327; x_wconf 77' lang='lat' dir='ltr'><strong>longitudine</strong></span> <span class='ocrx_word' id='word_1_116' title='bbox 1067 1259 1371 1321; x_wconf 84' lang='lat' dir='ltr'><strong>inferioris,</strong></span> <span class='ocrx_word' id='word_1_117' title='bbox 1445 1262 1905 1330; x_wconf 82' lang='lat' dir='ltr'><strong>subcartilaginea.</strong></span> 
     </span>
     <span class='ocr_line' id='line_1_17' title="bbox 33 1328 1911 1396; baseline 0.001 -16"><span class='ocrx_word' id='word_1_118' title='bbox 33 1329 313 1380; x_wconf 87' lang='lat' dir='ltr'><strong>Flosculus</strong></span> <span class='ocrx_word' id='word_1_119' title='bbox 351 1328 816 1395; x_wconf 75' lang='lat' dir='ltr'><strong>hermaphroditus</strong></span> <span class='ocrx_word' id='word_1_120' title='bbox 855 1329 1221 1396; x_wconf 77' lang='lat' dir='ltr'><strong>magnitudine</strong></span> <span class='ocrx_word' id='word_1_121' title='bbox 1259 1331 1506 1391; x_wconf 85' lang='lat' dir='ltr'><strong>masculi,</strong></span> <span class='ocrx_word' id='word_1_122' title='bbox 1549 1344 1763 1393; x_wconf 74' lang='lat' dir='ltr'><strong>ovatuS,</strong></span> <span class='ocrx_word' id='word_1_123' title='bbox 1804 1334 1911 1383; x_wconf 87' lang='lat' dir='ltr'><strong>lae-</strong></span> 
     </span>
     <span class='ocr_line' id='line_1_18' title="bbox 34 1397 1909 1470; baseline 0.002 -22"><span class='ocrx_word' id='word_1_124' title='bbox 34 1400 140 1457; x_wconf 81' lang='lat' dir='ltr'><strong>vis,</strong></span> <span class='ocrx_word' id='word_1_125' title='bbox 197 1397 349 1464; x_wconf 80' lang='lat' dir='ltr'><strong>apice</strong></span> <span class='ocrx_word' id='word_1_126' title='bbox 385 1399 717 1464; x_wconf 61' lang='lat' dir='ltr'><strong>pubescens3</strong></span> <span class='ocrx_word' id='word_1_127' title='bbox 767 1400 968 1447; x_wconf 80' lang='lat' dir='ltr'><strong>valvula</strong></span> <span class='ocrx_word' id='word_1_128' title='bbox 1021 1399 1284 1448; x_wconf 86' lang='lat' dir='ltr'><strong>inferiore</strong></span> <span class='ocrx_word' id='word_1_129' title='bbox 1339 1400 1589 1450; x_wconf 86' lang='lat' dir='ltr'><strong>obsolete</strong></span> <span class='ocrx_word' id='word_1_130' title='bbox 1643 1403 1909 1470; x_wconf 83' lang='lat' dir='ltr'><strong>quinque-</strong></span> 
     </span>
     <span class='ocr_line' id='line_1_19' title="bbox 31 1468 1909 1536; baseline 0.003 -19"><span class='ocrx_word' id='word_1_131' title='bbox 31 1468 183 1518; x_wconf 80' lang='lat' dir='ltr'><strong>nervi</strong></span> <span class='ocrx_word' id='word_1_132' title='bbox 220 1479 274 1518; x_wconf 88' lang='lat' dir='ltr'><strong>et</strong></span> <span class='ocrx_word' id='word_1_133' title='bbox 309 1480 627 1532; x_wconf 83' lang='lat' dir='ltr'><strong>punctorum</strong></span> <span class='ocrx_word' id='word_1_134' title='bbox 674 1469 1057 1534; x_wconf 85' lang='lat' dir='ltr'><strong>pellucentium</strong></span> <span class='ocrx_word' id='word_1_135' title='bbox 1095 1470 1336 1535; x_wconf 72' lang='lat' dir='ltr'><strong>vestigiis</strong></span> <span class='ocrx_word' id='word_1_136' title='bbox 1374 1470 1632 1536; x_wconf 86' lang='lat' dir='ltr'><strong>inspersa.</strong></span> <span class='ocrx_word' id='word_1_137' title='bbox 1706 1474 1909 1522; x_wconf 89' lang='lat' dir='ltr'><strong>Anthe-</strong></span> 
     </span>
     <span class='ocr_line' id='line_1_20' title="bbox 31 1538 1907 1610; baseline 0.003 -23"><span class='ocrx_word' id='word_1_138' title='bbox 31 1556 121 1587; x_wconf 84' lang='lat' dir='ltr'><strong>rae</strong></span> <span class='ocrx_word' id='word_1_139' title='bbox 162 1548 215 1586; x_wconf 87' lang='lat' dir='ltr'><strong>et</strong></span> <span class='ocrx_word' id='word_1_140' title='bbox 252 1538 492 1604; x_wconf 83' lang='lat' dir='ltr'><strong>stigmata</strong></span> <span class='ocrx_word' id='word_1_141' title='bbox 529 1538 1060 1605; x_wconf 82' lang='lat' dir='ltr'><strong>fulvo-ferruginea.</strong></span> <span class='ocrx_word' id='word_1_142' title='bbox 1120 1539 1414 1588; x_wconf 84' lang='lat' dir='ltr'><strong>Lodiculae</strong></span> <span class='ocrx_word' id='word_1_143' title='bbox 1440 1542 1621 1609; x_wconf 86' lang='lat' dir='ltr'><strong>quales</strong></span> <span class='ocrx_word' id='word_1_144' title='bbox 1659 1541 1715 1590; x_wconf 87' lang='lat' dir='ltr'><strong>in</strong></span> <span class='ocrx_word' id='word_1_145' title='bbox 1751 1561 1907 1610; x_wconf 87' lang='lat' dir='ltr'><strong>prae-</strong></span> 
     </span>
     <span class='ocr_line' id='line_1_21' title="bbox 28 1605 260 1657; baseline -0.013 -1"><span class='ocrx_word' id='word_1_146' title='bbox 28 1605 260 1657; x_wconf 85' lang='lat' dir='ltr'><strong>cedenti.</strong></span> 
     </span>
     <span class='ocr_line' id='line_1_22' title="bbox 164 1671 1905 1743; baseline 0.005 -21"><span class='ocrx_word' id='word_1_147' title='bbox 164 1673 391 1723; x_wconf 68' lang='lat' dir='ltr'><strong>Habitat</strong></span> <span class='ocrx_word' id='word_1_148' title='bbox 429 1675 481 1724; x_wconf 78' lang='lat' dir='ltr'><strong>in</strong></span> <span class='ocrx_word' id='word_1_149' title='bbox 514 1671 759 1726; x_wconf 58' lang='lat' dir='ltr'><strong>Emi-ilia</strong></span> <span class='ocrx_word' id='word_1_150' title='bbox 790 1675 1158 1727; x_wconf 73' lang='lat' dir='ltr'><strong>meridionali.</strong></span> <span class='ocrx_word' id='word_1_151' title='bbox 1234 1674 1513 1743; x_wconf 68' lang='lat' dir='ltr'><strong>(Sellozc.;</strong></span> <span class='ocrx_word' id='word_1_152' title='bbox 1564 1678 1620 1727; x_wconf 89' lang='lat' dir='ltr'><strong>V.</strong></span> <span class='ocrx_word' id='word_1_153' title='bbox 1660 1679 1713 1729; x_wconf 77' lang='lat' dir='ltr'><strong>in</strong></span> <span class='ocrx_word' id='word_1_154' title='bbox 1741 1678 1905 1730; x_wconf 84' lang='lat' dir='ltr'><strong>Herb.</strong></span> 
     </span>
    </p>
   </div>
   <div class='ocr_carea' id='block_1_3' title="bbox 27 1742 568 1812">
    <p class='ocr_par' dir='ltr' id='par_1_3' title="bbox 27 1742 568 1812">
     <span class='ocr_line' id='line_1_23' title="bbox 27 1742 568 1812; baseline 0 -17"><span class='ocrx_word' id='word_1_155' title='bbox 27 1742 162 1812; x_wconf 78' lang='lat' dir='ltr'><strong>Reg.</strong></span> <span class='ocrx_word' id='word_1_156' title='bbox 198 1742 410 1811; x_wconf 81' lang='lat' dir='ltr'><strong>Berol.)</strong></span> <span class='ocrx_word' id='word_1_157' title='bbox 486 1752 543 1810; x_wconf 60' lang='grc' dir='ltr'><strong>ὶξ,</strong></span> <span class='ocrx_word' id='word_1_158' title='bbox 556 1783 568 1795; x_wconf 95' lang='grc'><strong>.</strong></span> 
     </span>
    </p>
   </div>
   <div class='ocr_carea' id='block_1_4' title="bbox 465 1863 1469 1946">
    <p class='ocr_par' dir='ltr' id='par_1_4' title="bbox 465 1863 1469 1946">
     <span class='ocr_line' id='line_1_24' title="bbox 465 1863 1469 1946; baseline 0.001 -2"><span class='ocrx_word' id='word_1_159' title='bbox 465 1863 695 1944; x_wconf 78' lang='lat' dir='ltr'><strong>SECTIO</strong></span> <span class='ocrx_word' id='word_1_160' title='bbox 737 1901 796 1943; x_wconf 75' lang='lat' dir='ltr'><strong>V.</strong></span> <span class='ocrx_word' id='word_1_161' title='bbox 858 1900 1469 1946; x_wconf 64' lang='lat' dir='ltr'><strong>ECHINOLAENAE.</strong></span> 
     </span>
    </p>
   </div>
   <div class='ocr_carea' id='block_1_5' title="bbox 30 2012 1953 2661">
    <p class='ocr_par' dir='ltr' id='par_1_5' title="bbox 30 2012 1953 2661">
     <span class='ocr_line' id='line_1_25' title="bbox 196 2012 1908 2098; baseline 0.004 -28"><span class='ocrx_word' id='word_1_162' title='bbox 196 2012 383 2092; x_wconf 81' lang='lat' dir='ltr'><strong>Spica</strong></span> <span class='ocrx_word' id='word_1_163' title='bbox 453 2012 546 2070; x_wconf 76' lang='lat' dir='ltr'><strong>vel</strong></span> <span class='ocrx_word' id='word_1_164' title='bbox 621 2033 894 2070; x_wconf 80' lang='lat' dir='ltr'><strong>racemus</strong></span> <span class='ocrx_word' id='word_1_165' title='bbox 954 2014 1329 2093; x_wconf 68' lang='lat' dir='ltr'><strong>compositus</strong></span> <span class='ocrx_word' id='word_1_166' title='bbox 1345 2037 1363 2088; x_wconf 76' lang='lat'>5</span> <span class='ocrx_word' id='word_1_167' title='bbox 1445 2016 1714 2094; x_wconf 86' lang='lat' dir='ltr'><strong>spiculae</strong></span> <span class='ocrx_word' id='word_1_168' title='bbox 1769 2018 1908 2098; x_wconf 85' lang='lat' dir='ltr'><strong>plus</strong></span> 
     </span>
     <span class='ocr_line' id='line_1_26' title="bbox 48 2093 1906 2173; baseline 0.004 -23"><span class='ocrx_word' id='word_1_169' title='bbox 48 2093 317 2150; x_wconf 68' lang='lat' dir='ltr'><strong>minusve</strong></span> <span class='ocrx_word' id='word_1_170' title='bbox 361 2093 764 2162; x_wconf 78' lang='lat' dir='ltr'><strong>acuminatae,</strong></span> <span class='ocrx_word' id='word_1_171' title='bbox 828 2116 1243 2173; x_wconf 80' lang='lat' dir='ltr'><strong>compressae,</strong></span> <span class='ocrx_word' id='word_1_172' title='bbox 1292 2096 1632 2168; x_wconf 82' lang='lat' dir='ltr'><strong>carinatae,</strong></span> <span class='ocrx_word' id='word_1_173' title='bbox 1691 2099 1906 2170; x_wconf 79' lang='lat' dir='ltr'><strong>hirtae,</strong></span> 
     </span>
     <span class='ocr_line' id='line_1_27' title="bbox 48 2174 1910 2253; baseline 0.003 -21"><span class='ocrx_word' id='word_1_174' title='bbox 48 2174 141 2232; x_wconf 69' lang='lat' dir='ltr'><strong>rel</strong></span> <span class='ocrx_word' id='word_1_175' title='bbox 185 2174 484 2251; x_wconf 78' lang='lat' dir='ltr'><strong>glandulis</strong></span> <span class='ocrx_word' id='word_1_176' title='bbox 540 2175 795 2253; x_wconf 73' lang='lat' dir='ltr'><strong>piliferis</strong></span> <span class='ocrx_word' id='word_1_177' title='bbox 849 2191 1074 2246; x_wconf 81' lang='lat' dir='ltr'><strong>tectae,</strong></span> <span class='ocrx_word' id='word_1_178' title='bbox 1132 2177 1431 2234; x_wconf 83' lang='lat' dir='ltr'><strong>secundae</strong></span> <span class='ocrx_word' id='word_1_179' title='bbox 1444 2201 1462 2252; x_wconf 79' lang='lat'><em>3</em></span> <span class='ocrx_word' id='word_1_180' title='bbox 1514 2201 1682 2237; x_wconf 87' lang='lat' dir='ltr'><strong>ramo</strong></span> <span class='ocrx_word' id='word_1_181' title='bbox 1726 2181 1910 2238; x_wconf 84' lang='lat' dir='ltr'><strong>inter-</strong></span> 
     </span>
     <span class='ocr_line' id='line_1_28' title="bbox 44 2254 1953 2341; baseline 0.004 -30"><span class='ocrx_word' id='word_1_182' title='bbox 44 2254 187 2311; x_wconf 90' lang='lat' dir='ltr'><strong>dum</strong></span> <span class='ocrx_word' id='word_1_183' title='bbox 230 2256 402 2333; x_wconf 86' lang='lat' dir='ltr'><strong>apice</strong></span> <span class='ocrx_word' id='word_1_184' title='bbox 447 2255 728 2332; x_wconf 81' lang='lat' dir='ltr'><strong>elongato</strong></span> <span class='ocrx_word' id='word_1_185' title='bbox 771 2257 1055 2315; x_wconf 84' lang='lat' dir='ltr'><strong>unissoro.</strong></span> <span class='ocrx_word' id='word_1_186' title='bbox 1144 2259 1364 2315; x_wconf 82' lang='lat' dir='ltr'><strong>Gluma</strong></span> <span class='ocrx_word' id='word_1_187' title='bbox 1408 2259 1661 2317; x_wconf 80' lang='lat' dir='ltr'><strong>inferior</strong></span> <span class='ocrx_word' id='word_1_188' title='bbox 1704 2263 1908 2341; x_wconf 84' lang='lat' dir='ltr'><strong>spicu-</strong></span> <span class='ocrx_word' id='word_1_189' title='bbox 1949 2316 1953 2327; x_wconf 79' lang='grc'><strong>,</strong></span> 
     </span>
     <span class='ocr_line' id='line_1_29' title="bbox 30 2333 1909 2417; baseline 0.005 -27"><span class='ocrx_word' id='word_1_190' title='bbox 30 2333 150 2390; x_wconf 91' lang='lat' dir='ltr'><strong>lam</strong></span> <span class='ocrx_word' id='word_1_191' title='bbox 194 2335 505 2391; x_wconf 85' lang='lat' dir='ltr'><strong>dimidiam</strong></span> <span class='ocrx_word' id='word_1_192' title='bbox 549 2358 814 2414; x_wconf 80' lang='lat' dir='ltr'><strong>aequans</strong></span> <span class='ocrx_word' id='word_1_193' title='bbox 849 2378 865 2405; x_wconf 89' lang='lat'><strong>,</strong></span> <span class='ocrx_word' id='word_1_194' title='bbox 913 2338 1007 2395; x_wconf 69' lang='lat' dir='ltr'><strong>vel</strong></span> <span class='ocrx_word' id='word_1_195' title='bbox 1052 2339 1265 2395; x_wconf 82' lang='lat' dir='ltr'><strong>eadem</strong></span> <span class='ocrx_word' id='word_1_196' title='bbox 1306 2339 1581 2417; x_wconf 81' lang='lat' dir='ltr'><strong>longior,</strong></span> <span class='ocrx_word' id='word_1_197' title='bbox 1626 2343 1722 2399; x_wconf 83' lang='lat' dir='ltr'><strong>vel</strong></span> <span class='ocrx_word' id='word_1_198' title='bbox 1766 2343 1909 2400; x_wconf 90' lang='lat' dir='ltr'><strong>sub-</strong></span> 
     </span>
     <span class='ocr_line' id='line_1_30' title="bbox 39 2416 1908 2496; baseline 0.005 -25"><span class='ocrx_word' id='word_1_199' title='bbox 39 2416 330 2494; x_wconf 80' lang='lat' dir='ltr'><strong>aequalis.</strong></span> <span class='ocrx_word' id='word_1_200' title='bbox 416 2417 732 2473; x_wconf 87' lang='lat' dir='ltr'><strong>Flosculus</strong></span> <span class='ocrx_word' id='word_1_201' title='bbox 777 2418 1031 2474; x_wconf 87' lang='lat' dir='ltr'><strong>inferior</strong></span> <span class='ocrx_word' id='word_1_202' title='bbox 1073 2419 1373 2476; x_wconf 83' lang='lat' dir='ltr'><strong>masculus</strong></span> <span class='ocrx_word' id='word_1_203' title='bbox 1387 2461 1404 2488; x_wconf 83' lang='lat'><strong>,</strong></span> <span class='ocrx_word' id='word_1_204' title='bbox 1463 2420 1748 2496; x_wconf 71' lang='lat' dir='ltr'><strong>bivalvis3</strong></span> <span class='ocrx_word' id='word_1_205' title='bbox 1809 2446 1908 2482; x_wconf 91' lang='lat' dir='ltr'><strong>su-</strong></span> 
     </span>
     <span class='ocr_line' id='line_1_31' title="bbox 46 2496 1908 2577; baseline 0.008 -27"><span class='ocrx_word' id='word_1_206' title='bbox 46 2496 257 2574; x_wconf 81' lang='lat' dir='ltr'><strong>perior</strong></span> <span class='ocrx_word' id='word_1_207' title='bbox 295 2496 854 2577; x_wconf 85' lang='lat' dir='ltr'><strong>hermaphroditus,</strong></span> <span class='ocrx_word' id='word_1_208' title='bbox 899 2499 1194 2568; x_wconf 80' lang='lat' dir='ltr'><strong>muticus,</strong></span> <span class='ocrx_word' id='word_1_209' title='bbox 1239 2500 1444 2558; x_wconf 78' lang='lat' dir='ltr'><strong>laeviS.</strong></span> <span class='ocrx_word' id='word_1_210' title='bbox 1533 2504 1777 2562; x_wconf 84' lang='lat' dir='ltr'><strong>Culmus</strong></span> <span class='ocrx_word' id='word_1_211' title='bbox 1819 2506 1908 2564; x_wconf 86' lang='lat' dir='ltr'><strong>la-</strong></span> 
     </span>
     <span class='ocr_line' id='line_1_32' title="bbox 47 2579 1353 2661; baseline 0.003 -29"><span class='ocrx_word' id='word_1_212' title='bbox 47 2583 185 2645; x_wconf 78' lang='lat' dir='ltr'><strong>xus,</strong></span> <span class='ocrx_word' id='word_1_213' title='bbox 232 2599 528 2636; x_wconf 81' lang='lat' dir='ltr'><strong>ramosus.</strong></span> <span class='ocrx_word' id='word_1_214' title='bbox 613 2579 784 2636; x_wconf 84' lang='lat' dir='ltr'><strong>Folia</strong></span> <span class='ocrx_word' id='word_1_215' title='bbox 821 2595 1105 2658; x_wconf 81' lang='lat' dir='ltr'><strong>angusta,</strong></span> <span class='ocrx_word' id='word_1_216' title='bbox 1150 2581 1353 2661; x_wconf 85' lang='lat' dir='ltr'><strong>plana.</strong></span> 
     </span>
    </p>
   </div>
   <div class='ocr_carea' id='block_1_6' title="bbox 111 2675 1904 2814">
    <p class='ocr_par' dir='ltr' id='par_1_6' title="bbox 111 2675 1904 2814">
     <span class='ocr_line' id='line_1_33' title="bbox 111 2675 1904 2736; baseline 0.006 -14"><span class='ocrx_word' id='word_1_217' title='bbox 111 2717 122 2722; x_wconf 53' lang='lat'><strong>-</strong></span> <span class='ocrx_word' id='word_1_218' title='bbox 166 2675 558 2736; x_wconf 88' lang='lat' dir='ltr'><strong>Echinolaena,</strong></span> <span class='ocrx_word' id='word_1_219' title='bbox 622 2675 904 2727; x_wconf 72' lang='lat' dir='ltr'><strong>Descaux.</strong></span> <span class='ocrx_word' id='word_1_220' title='bbox 974 2676 1169 2727; x_wconf 68' lang='lat' dir='ltr'><strong>thmb.</strong></span> <span class='ocrx_word' id='word_1_221' title='bbox 1227 2689 1278 2729; x_wconf 84' lang='lat' dir='ltr'><strong>et</strong></span> <span class='ocrx_word' id='word_1_222' title='bbox 1348 2677 1554 2731; x_wconf 77' lang='lat' dir='ltr'><strong>Hunth.</strong></span> <span class='ocrx_word' id='word_1_223' title='bbox 1603 2679 1687 2734; x_wconf 60' lang='lat' dir='ltr'><strong>N..</strong></span> <span class='ocrx_word' id='word_1_224' title='bbox 1735 2681 1797 2732; x_wconf 87' lang='lat' dir='ltr'><strong>G.</strong></span> <span class='ocrx_word' id='word_1_225' title='bbox 1852 2692 1904 2733; x_wconf 82' lang='lat' dir='ltr'><strong>et</strong></span> 
     </span>
     <span class='ocr_line' id='line_1_34' title="bbox 231 2742 840 2814; baseline 0.008 -22"><span class='ocrx_word' id='word_1_226' title='bbox 231 2742 319 2809; x_wconf 77' lang='lat' dir='ltr'><strong>Sp.</strong></span> <span class='ocrx_word' id='word_1_227' title='bbox 359 2743 566 2796; x_wconf 65' lang='lat' dir='ltr'><strong>Iiunlt&#39;z.</strong></span> <span class='ocrx_word' id='word_1_228' title='bbox 610 2744 840 2814; x_wconf 54' lang='lat' dir='ltr'><strong>Synop&amp;</strong></span> 
     </span>
    </p>
   </div>
   <div class='ocr_carea' id='block_1_7' title="bbox 23 2832 1907 3594">
    <p class='ocr_par' dir='ltr' id='par_1_7' title="bbox 23 2832 1907 3594">
     <span class='ocr_line' id='line_1_35' title="bbox 162 2832 1903 2903; baseline 0.007 -24"><span class='ocrx_word' id='word_1_229' title='bbox 162 2832 397 2882; x_wconf 85' lang='lat' dir='ltr'><strong>Adnot.</strong></span> <span class='ocrx_word' id='word_1_230' title='bbox 474 2835 695 2899; x_wconf 83' lang='lat' dir='ltr'><strong>Species</strong></span> <span class='ocrx_word' id='word_1_231' title='bbox 735 2835 889 2900; x_wconf 83' lang='lat' dir='ltr'><strong>hujus</strong></span> <span class='ocrx_word' id='word_1_232' title='bbox 929 2835 1242 2896; x_wconf 71' lang='lat' dir='ltr'><strong>divisionis,</strong></span> <span class='ocrx_word' id='word_1_233' title='bbox 1292 2854 1409 2886; x_wconf 88' lang='lat' dir='ltr'><strong>cum</strong></span> <span class='ocrx_word' id='word_1_234' title='bbox 1448 2837 1690 2903; x_wconf 86' lang='lat' dir='ltr'><strong>pluribus</strong></span> <span class='ocrx_word' id='word_1_235' title='bbox 1729 2840 1903 2891; x_wconf 89' lang='lat' dir='ltr'><strong>isoca-</strong></span> 
     </span>
     <span class='ocr_line' id='line_1_36' title="bbox 26 2898 1902 2973; baseline 0.007 -27"><span class='ocrx_word' id='word_1_236' title='bbox 26 2898 348 2963; x_wconf 84' lang='lat' dir='ltr'><strong>lycinorum,</strong></span> <span class='ocrx_word' id='word_1_237' title='bbox 402 2919 430 2950; x_wconf 87' lang='lat' dir='ltr'><strong>c</strong></span> <span class='ocrx_word' id='word_1_238' title='bbox 481 2905 819 2971; x_wconf 86' lang='lat' dir='ltr'><strong>sequentium</strong></span> <span class='ocrx_word' id='word_1_239' title='bbox 868 2923 1121 2963; x_wconf 85' lang='lat' dir='ltr'><strong>numero,</strong></span> <span class='ocrx_word' id='word_1_240' title='bbox 1173 2907 1346 2973; x_wconf 88' lang='lat' dir='ltr'><strong>quoad</strong></span> <span class='ocrx_word' id='word_1_241' title='bbox 1395 2906 1544 2956; x_wconf 89' lang='lat' dir='ltr'><strong>floris</strong></span> <span class='ocrx_word' id='word_1_242' title='bbox 1597 2910 1902 2960; x_wconf 89' lang='lat' dir='ltr'><strong>stricturam</strong></span> 
     </span>
     <span class='ocr_line' id='line_1_37' title="bbox 24 2973 1903 3032; baseline 0.008 -17"><span class='ocrx_word' id='word_1_243' title='bbox 24 2984 192 3032; x_wconf 83' lang='lat' dir='ltr'><strong>genus</strong></span> <span class='ocrx_word' id='word_1_244' title='bbox 228 2973 749 3023; x_wconf 86' lang='lat' dir='ltr'><strong>Naviculariam</strong></span> <span class='ocrx_word' id='word_1_245' title='bbox 781 2975 1004 3023; x_wconf 90' lang='lat' dir='ltr'><strong>Raddi</strong></span> <span class='ocrx_word' id='word_1_246' title='bbox 1032 2979 1390 3024; x_wconf 86' lang='lat' dir='ltr'><strong>constituunt:</strong></span> <span class='ocrx_word' id='word_1_247' title='bbox 1430 2977 1650 3027; x_wconf 91' lang='lat' dir='ltr'><strong>Glumae</strong></span> <span class='ocrx_word' id='word_1_248' title='bbox 1671 2978 1800 3030; x_wconf 88' lang='lat' dir='ltr'><strong>duae</strong></span> <span class='ocrx_word' id='word_1_249' title='bbox 1821 2981 1903 3030; x_wconf 85' lang='lat' dir='ltr'><strong>bi·</strong></span> 
     </span>
     <span class='ocr_line' id='line_1_38' title="bbox 23 3036 1901 3110; baseline 0.008 -26"><span class='ocrx_word' id='word_1_250' title='bbox 23 3036 224 3100; x_wconf 86' lang='lat' dir='ltr'><strong>florae,</strong></span> <span class='ocrx_word' id='word_1_251' title='bbox 266 3043 513 3108; x_wconf 87' lang='lat' dir='ltr'><strong>aequales</strong></span> <span class='ocrx_word' id='word_1_252' title='bbox 565 3055 655 3091; x_wconf 88' lang='lat' dir='ltr'><strong>aut</strong></span> <span class='ocrx_word' id='word_1_253' title='bbox 711 3045 1084 3110; x_wconf 81' lang='lat' dir='ltr'><strong>subaequales‚</strong></span> <span class='ocrx_word' id='word_1_254' title='bbox 1138 3063 1425 3103; x_wconf 82' lang='lat' dir='ltr'><strong>nervosae,</strong></span> <span class='ocrx_word' id='word_1_255' title='bbox 1467 3051 1901 3100; x_wconf 83' lang='lat' dir='ltr'><strong>concavo-navi-</strong></span> 
     </span>
     <span class='ocr_line' id='line_1_39' title="bbox 28 3108 1901 3182; baseline 0.008 -28"><span class='ocrx_word' id='word_1_256' title='bbox 28 3108 265 3168; x_wconf 87' lang='lat' dir='ltr'><strong>culares,</strong></span> <span class='ocrx_word' id='word_1_257' title='bbox 313 3112 568 3171; x_wconf 87' lang='lat' dir='ltr'><strong>muticae,</strong></span> <span class='ocrx_word' id='word_1_258' title='bbox 630 3112 694 3160; x_wconf 91' lang='lat' dir='ltr'><strong>ad</strong></span> <span class='ocrx_word' id='word_1_259' title='bbox 752 3115 1139 3162; x_wconf 75' lang='lat' dir='ltr'><strong>extremitatem</strong></span> <span class='ocrx_word' id='word_1_260' title='bbox 1178 3117 1770 3182; x_wconf 81' lang='lat' dir='ltr'><strong>contracto-intortae3</strong></span> <span class='ocrx_word' id='word_1_261' title='bbox 1810 3138 1901 3169; x_wconf 89' lang='lat' dir='ltr'><strong>ro-</strong></span> 
     </span>
     <span class='ocr_line' id='line_1_40' title="bbox 31 3180 1900 3238; baseline 0.007 -17"><span class='ocrx_word' id='word_1_262' title='bbox 31 3185 197 3223; x_wconf 88' lang='lat' dir='ltr'><strong>strum</strong></span> <span class='ocrx_word' id='word_1_263' title='bbox 232 3180 376 3228; x_wconf 67' lang='lat' dir='ltr'><strong>navis</strong></span> <span class='ocrx_word' id='word_1_264' title='bbox 414 3182 735 3231; x_wconf 86' lang='lat' dir='ltr'><strong>referentes.</strong></span> <span class='ocrx_word' id='word_1_265' title='bbox 793 3183 1073 3232; x_wconf 83' lang='lat' dir='ltr'><strong>Flosculus</strong></span> <span class='ocrx_word' id='word_1_266' title='bbox 1103 3184 1331 3233; x_wconf 85' lang='lat' dir='ltr'><strong>inferior</strong></span> <span class='ocrx_word' id='word_1_267' title='bbox 1350 3187 1605 3234; x_wconf 87' lang='lat' dir='ltr'><strong>masculus</strong></span> <span class='ocrx_word' id='word_1_268' title='bbox 1645 3199 1733 3236; x_wconf 87' lang='lat' dir='ltr'><strong>aut</strong></span> <span class='ocrx_word' id='word_1_269' title='bbox 1770 3207 1900 3238; x_wconf 87' lang='lat' dir='ltr'><strong>neu-</strong></span> 
     </span>
     <span class='ocr_line' id='line_1_41' title="bbox 30 3246 1899 3321; baseline 0.009 -31"><span class='ocrx_word' id='word_1_270' title='bbox 30 3254 139 3292; x_wconf 86' lang='lat' dir='ltr'><strong>ter:</strong></span> <span class='ocrx_word' id='word_1_271' title='bbox 189 3246 390 3297; x_wconf 80' lang='lat' dir='ltr'><strong>valvula</strong></span> <span class='ocrx_word' id='word_1_272' title='bbox 435 3251 663 3301; x_wconf 84' lang='lat' dir='ltr'><strong>inferior</strong></span> <span class='ocrx_word' id='word_1_273' title='bbox 713 3252 980 3300; x_wconf 84' lang='lat' dir='ltr'><strong>simillima</strong></span> <span class='ocrx_word' id='word_1_274' title='bbox 1039 3252 1246 3319; x_wconf 76' lang='lat' dir='ltr'><strong>,glumae</strong></span> <span class='ocrx_word' id='word_1_275' title='bbox 1298 3255 1597 3320; x_wconf 85' lang='lat' dir='ltr'><strong>superiori,</strong></span> <span class='ocrx_word' id='word_1_276' title='bbox 1649 3260 1899 3321; x_wconf 88' lang='lat' dir='ltr'><strong>superior</strong></span> 
     </span>
     <span class='ocr_line' id='line_1_42' title="bbox 26 3311 1894 3389; baseline 0.008 -30"><span class='ocrx_word' id='word_1_277' title='bbox 26 3311 272 3373; x_wconf 79' lang='lat' dir='ltr'><strong>brevior,</strong></span> <span class='ocrx_word' id='word_1_278' title='bbox 325 3320 758 3379; x_wconf 84' lang='lat' dir='ltr'><strong>membranacea,</strong></span> <span class='ocrx_word' id='word_1_279' title='bbox 810 3321 994 3370; x_wconf 88' lang='lat' dir='ltr'><strong>albida.</strong></span> <span class='ocrx_word' id='word_1_280' title='bbox 1072 3323 1347 3372; x_wconf 89' lang='lat' dir='ltr'><strong>Flosculus</strong></span> <span class='ocrx_word' id='word_1_281' title='bbox 1404 3324 1652 3389; x_wconf 90' lang='lat' dir='ltr'><strong>superior</strong></span> <span class='ocrx_word' id='word_1_282' title='bbox 1687 3326 1894 3375; x_wconf 86' lang='lat' dir='ltr'><strong>herma-</strong></span> 
     </span>
     <span class='ocr_line' id='line_1_43' title="bbox 23 3382 1895 3459; baseline 0.008 -30"><span class='ocrx_word' id='word_1_283' title='bbox 23 3382 341 3446; x_wconf 87' lang='lat' dir='ltr'><strong>phroditus:</strong></span> <span class='ocrx_word' id='word_1_284' title='bbox 397 3389 632 3439; x_wconf 83' lang='lat' dir='ltr'><strong>valvulae</strong></span> <span class='ocrx_word' id='word_1_285' title='bbox 668 3390 1273 3451; x_wconf 77' lang='lat' dir='ltr'><strong>coi-iaceo-induratae,</strong></span> <span class='ocrx_word' id='word_1_286' title='bbox 1312 3393 1662 3459; x_wconf 81' lang='lat' dir='ltr'><strong>glaberrimae</strong></span> <span class='ocrx_word' id='word_1_287' title='bbox 1686 3431 1697 3453; x_wconf 93' lang='lat'><strong>,</strong></span> <span class='ocrx_word' id='word_1_288' title='bbox 1740 3413 1895 3444; x_wconf 86' lang='lat' dir='ltr'><strong>ener-</strong></span> 
     </span>
     <span class='ocr_line' id='line_1_44' title="bbox 25 3455 1889 3528; baseline 0.008 -28"><span class='ocrx_word' id='word_1_289' title='bbox 25 3469 150 3509; x_wconf 80' lang='lat' dir='ltr'><strong>ves,</strong></span> <span class='ocrx_word' id='word_1_290' title='bbox 202 3455 579 3518; x_wconf 77' lang='lat' dir='ltr'><strong>persistentes,</strong></span> <span class='ocrx_word' id='word_1_291' title='bbox 631 3460 996 3524; x_wconf 79' lang='lat' dir='ltr'><strong>magnitudine</strong></span> <span class='ocrx_word' id='word_1_292' title='bbox 1046 3460 1163 3510; x_wconf 88' lang='lat' dir='ltr'><strong>fere</strong></span> <span class='ocrx_word' id='word_1_293' title='bbox 1211 3461 1521 3528; x_wconf 82' lang='lat' dir='ltr'><strong>glumarum.</strong></span> <span class='ocrx_word' id='word_1_294' title='bbox 1597 3464 1889 3515; x_wconf 83' lang='lat' dir='ltr'><strong>Lodiculae</strong></span> 
     </span>
     <span class='ocr_line' id='line_1_45' title="bbox 23 3520 1907 3594; baseline 0.008 -26"><span class='ocrx_word' id='word_1_295' title='bbox 23 3520 308 3589; x_wconf 81' lang='lat' dir='ltr'><strong>oblongae,</strong></span> <span class='ocrx_word' id='word_1_296' title='bbox 361 3526 596 3578; x_wconf 80' lang='lat' dir='ltr'><strong>obtusae.</strong></span> <span class='ocrx_word' id='word_1_297' title='bbox 688 3530 921 3578; x_wconf 87' lang='lat' dir='ltr'><strong>Stamina</strong></span> <span class='ocrx_word' id='word_1_298' title='bbox 975 3530 1111 3579; x_wconf 83' lang='lat' dir='ltr'><strong>tria:</strong></span> <span class='ocrx_word' id='word_1_299' title='bbox 1160 3531 1410 3582; x_wconf 85' lang='lat' dir='ltr'><strong>antherae</strong></span> <span class='ocrx_word' id='word_1_300' title='bbox 1462 3533 1721 3594; x_wconf 86' lang='lat' dir='ltr'><strong>lineares,</strong></span> <span class='ocrx_word' id='word_1_301' title='bbox 1778 3532 1907 3583; x_wconf 74' lang='lat' dir='ltr'><strong>fila-·</strong></span> 
     </span>
    </p>
   </div>
  </div>
 </body>
</html>
