2100 3882
1874 9 1908 18 ς

501 158 848 207 GRAMmEAE.
915 157 1176 205 Limam:
1247 154 1453 218 Onrzi.
1797 159 1900 210 517

50 326 183 367 nae,
233 305 572 365 imbricatae,
624 303 815 350 lineam
856 299 911 363 ιζ·
946 303 1160 370 longae,
1201 303 1739 361 dimidiato-ovatae,
1778 320 1895 362 acn-

49 390 161 436 tae,
203 391 564 441 compressae,
623 371 848 437 pallidae
879 373 962 419 vel
997 374 1568 439 subpurpurascentes:
1606 372 1894 422 inferiores

50 463 206 512 saepe
235 444 496 510 squamula
533 458 688 505 parva
708 439 873 488 albida
908 439 1167 490 suffultae.
1240 442 1455 492 Valvula
1489 441 1717 490 inferior
1748 443 1897 489 navi-

51 515 271 574 cularis,
335 508 781 579 quinquenervis,
851 509 1027 555 nervis
1077 510 1313 577 ipsisque
1366 511 1617 560 lateribus
1669 508 1888 570 scabris,

48 585 225 633 carina
262 581 463 641 ciliata3
516 577 758 642 superior
792 577 1102 633 lanceolata,
1143 579 1421 639 trinervis,
1464 581 1676 639 scabra,
1717 580 1894 629 carina

49 654 207 702 etiam
257 650 446 699 ciliata.
530 647 759 697 Stamina
799 662 913 703 sex,
971 646 1252 695 lilamentis
1295 649 1454 708 albis,
1515 648 1747 698 antheris
1782 651 1892 712 (se-

48 721 273 771 cundum
309 716 621 767 Sellowii
677 714 999 771 adversaria)
1026 719 1528 780 purpurascentiboes
1566 718 1728 786 (quae
1755 732 1895 767 nunc

47 790 265 857 spiculis
297 796 524 847 restant,
563 784 788 851 pallidae
823 785 985 843 sunt.)
1034 786 1315 865 'Stigmata
1344 787 1530 835 albida.

180 873 403 922 Habitat
453 872 525 919 ad
577 869 628 920 S.
678 868 875 918 Tarido
934 868 1124 938 Uruga
1181 869 1453 921 Brasiliae
1506 872 1886 922 meridionalis.

46 943 316 1010 (Sellozo.)
368 939 548 990 Floret
588 939 898 989 FebrezariO.
937 947 1016 1003 22..
1069 939 1218 1002 (Vidi
1242 940 1293 989 in
1321 939 1481 991 Herb.
1512 941 1646 1010 Reg.
1680 941 1895 1007 Ber-ol.)

181 1032 465 1082 Observ.
560 1029 636 1077 Cl.
704 1028 991 1076 Trinius
1057 1029 1109 1076 in
1159 1038 1385 1076 tractatu
1447 1031 1512 1079 (le
1571 1031 1896 1095 graminibus

44 1100 291 1152 unissoris
327 1110 379 1148 et
423 1097 783 1165 sesquissoris,
833 1116 882 1163 p.
929 1098 1037 1146 noo.
1061 1133 1073 1155 ‚
1128 1115 1309 1146 omnes
1342 1098 1460 1147 fere
1498 1098 1650 1163 hujus
1681 1101 1896 1166 generis

44 1172 252 1237 species
298 1169 452 1217 unius
491 1168 832 1234 ejusdemque
873 1184 987 1216 esse
1028 1168 1336 1225 contendit,
1389 1167 1473 1216 vel
1518 1169 1701 1217 saltem
1737 1170 1801 1217 ad
1838 1168 1895 1216 id

44 1238 360 1306 opinandum
395 1237 627 1284 inclinat.
701 1239 942 1285 Attamen
964 1237 1137 1302 magni
1171 1252 1286 1284 esse
1316 1236 1560 1285 videntur
1596 1238 1649 1284 in
1687 1240 1819 1286 Lee
1844 1255 1897 1286 r-

49 1311 148 1358 sia
188 1307 526 1371 oryzoide
565 1305 796 1370 spiculae
843 1306 1065 1354 eximiae
1109 1305 1454 1370 pcdicellatae
1500 1306 1792 1365 triandrae,
1842 1307 1900 1354 in

49 1383 112 1429 L.
157 1375 516 1443 virginica
556 1375 786 1440 spiculae
821 1375 1040 1441 exiguae
1076 1374 1420 1434 subsessiles,
1462 1374 1517 1422 in
1558 1377 1615 1423 L.
1657 1375 1901 1424 bexan-

52 1449 163 1499 dra
198 1446 449 1497 teneritas
476 1444 633 1493 culmi
662 1445 1000 1512 spiculaeque
1022 1444 1321 1493 mediocres
1343 1444 1555 1494 sessiles
1582 1444 1898 1494 hexandrae.

718 1611 946 1655 LXXVII.
1008 1612 1231 1655 ORYZA.

257 1721 386 1771 Lz'n.
427 1732 475 1770 et
509 1723 674 1772 Auel.
729 1740 866 1771 omn.
908 1719 1070 1771 Palis.
1115 1723 1179 1771 de
1218 1719 1425 1772 Beana.
1469 1722 1691 1790 Agrost.
1725 1741 1780 1788 ρ.
1824 1739 1902 1785 27.

262 1803 298 1840 t.
347 1790 467 1839 Vll.
495 1789 550 1858 f
585 1811 634 1855 7.
667 1791 830 1858 Rus-s).
873 1786 1132 1854 Classific.
1173 1791 1224 1840 in
1256 1795 1401 1840 Atm.
1434 1792 1522 1840 des
1554 1811 1625 1842 se.
1662 1801 1771 1840 nat.
1804 1790 1904 1844 IV.

248 1881 305 1928 p.
341 1863 456 1911 250.
494 1872 530 1910 t.
569 1878 648 1910 20.
675 1859 727 1927 f
761 1865 865 1923 a*,
920 1866 968 1910 V.
996 1879 1049 1926 ρ.
1082 1862 1197 1926 293.
1246 1859 1394 1913 Trin.
1428 1859 1695 1910 Fundam.
1725 1862 1905 1928 Agro-

257 1940 421 1998 stogr.
453 1949 508 1997 ρ.
551 1949 661 1994 197.

217 2019 463 2099 Spicula
496 2019 771 2074 unissora.
829 2019 1080 2076 Glumae
1111 2019 1289 2088 duae,
1336 2020 1715 2098 inaequaleS,
1762 2019 1906 2075 ssos-

57 2102 193 2160 culo
237 2101 516 2158 coriaceo
568 2100 831 2156 minores
885 2100 1188 2156 carinatae
1229 2101 1566 2160 unincrvcs.
1653 2100 1906 2160 Valvula

54 2182 306 2238 inscrior
346 2181 640 2248 carinata,
688 2181 1183 2258 quinquenervis‚
1229 2182 1428 2236 nervis
1468 2182 1906 2242 iuniucronem

52 2264 146 2320 vel
186 2262 428 2318 aristam
473 2260 952 2334 confluentibus5
1014 2261 1287 2338 superior
1330 2262 1606 2318 trinervis
1629 2302 1645 2329 ,
1706 2261 1904 2318 nervis
1951 2253 1954 2262 ¹

54 2343 494 2402 confluentibus
540 2356 912 2398 mucronata.
998 2341 1291 2398 Lodicula
1330 2342 1663 2399 obcordata
1690 2341 1782 2397 vel
1813 2341 1905 2397 hi-

51 2425 197 2492 fida,
244 2422 725 2490 membranacea,
768 2422 1004 2498 glabra,
1051 2422 1426 2499 complicata.
1488 2422 1760 2479 Stamina
1788 2422 1906 2477 tria

54 2506 146 2565 vel
176 2524 294 2560 sex,
385 2505 645 2560 Germen
691 2502 1045 2580 oblongum,
1093 2502 1382 2579 glabrum.
1471 2504 1628 2580 Styli
1655 2503 1864 2559 breves
1880 2523 1900 2574 3

53 2587 330 2663 stigmata
374 2584 588 2643 villosa
633 2582 978 2657 (violacea.)
1083 2585 1406 2664 Caryopsis
1447 2585 1687 2652 vestita,
1744 2582 1906 2639 haud

62 2668 322 2734 sulcata,
365 2665 748 2723 transversim
779 2665 1006 2721 striata.

211 2763 691 2821 Inssorescentia:
748 2763 1028 2841 panicula
1076 2782 1385 2818 racemosa
1442 2781 1549 2817 scu
1607 2781 1900 2818 racemus.

57 2845 343 2904 Gramina
393 2844 680 2913 fortiora,
749 2845 914 2901 foliis
972 2843 1169 2920 longis
1213 2842 1515 2921 rigidulis‚
1579 2843 1764 2923 ligula
1805 2863 1902 2899 ex-

55 2942 229 2984 serta.

653 3077 690 3116 1-
744 3083 977 3117 ΟΒΥῩῙΑ
1022 3081 1304 3117 SATIVA.

195 3191 262 3241 O.
300 3192 595 3253 hexandm,
651 3195 796 3244 foliis
839 3195 1123 3244 linearibus
1170 3197 1426 3263 elongati-s
1465 3193 1756 3257 (scabris),
1808 3208 1898 3255 pa-

55 3260 229 3309 nicula
260 3276 528 3311 racemosa
561 3276 827 3312 contracta
869 3266 1028 3312 ramis
1079 3265 1374 3314 infirmibus
1428 3265 1654 3324 scabriS,
1705 3260 1897 3329 glumis

55 3330 244 3378 lineari
261 3358 279 3366 ·
296 3328 598 3379 lanceolatis
629 3335 840 3381 muticis
876 3335 1159 3383 caudatove
1175 3334 1454 3384 -aristatis-

193 3416 366 3479 Oryza
403 3419 592 3476 saliva,
649 3416 772 3465 Lim.
806 3418 893 3485 Sp.
917 3419 995 3485 pl.
1036 3420 1114 3467 ed.
1160 3420 1346 3469 VVilld.
1387 3418 1465 3469 II.
1495 3438 1551 3484 ρ.
1599 3427 1712 3482 2547.
1751 3412 1898 3464 Pers.

261 3487 396 3551 Syn.
427 3483 471 3533 I.
497 3504 553 3552 p.
582 3488 700 3552 394.
727 3490 844 3553 ὅρι’.
877 3489 932 3536 S.
975 3487 1034 3540 V.
1068 3486 1145 3537 ll.
1171 3508 1224 3556 p.
1265 3489 1373 3540 136.
1401 3487 1679 3538 Desoaux.
1710 3483 1901 3536 Journ.
