2100 3882
157 161 276 221 550>
471 144 820 209 Gummi-,AE-
841 150 844 153 ”
894 152 1256 205 onsmvmo
1303 168 1709 204 GEOGRAPHICA.

158 319 283 357 tano
306 336 325 345 -
347 307 644 356 maritimae
675 303 739 354 ad
775 299 1125 354 Occidentem
1153 302 1324 352 sitam.
1397 304 1458 350 In
1494 298 1783 350 Minarum
1808 300 2022 368 provin-

157 376 244 426 cia
289 377 456 443 igitur
510 376 610 424 hoc
663 373 893 424 termino
943 373 1224 422 salutamus
1280 384 1481 428 terras,
1559 389 1695 439 quae
1743 388 1771 419 e
1821 387 2024 419 summo

157 448 418 496 montium
453 456 624 495 tractu
663 460 851 492 versus
883 443 937 491 S.
979 442 1252 491 Francisci
1296 439 1491 489 flumen
1529 441 1892 500 declinantur,
1944 440 2027 487 in-

163 517 338 582 deque
379 516 434 563 in
481 512 708 564 confinia
744 513 1053 577 provinciae
1103 514 1411 576 Goyazanae
1457 510 1764 572 elevantur3
1820 509 1877 557 in
1918 505 2032 556 Ba-

161 583 331 634 hiensi
372 584 646 651 provincia
695 583 1002 630 universum
1043 581 1160 630 fere
1202 581 1527 630 continentis
1584 592 1841 637 tractum,
1890 593 2031 627 nunc

159 656 374 720 planum
408 671 548 703 nunc
581 652 888 701 monticulis
917 651 1221 700 undulatum
1246 687 1258 707 ,
1299 651 1351 698 in
1382 667 1537 716 quem
1572 649 1848 716 primarii,
1885 647 2029 716 quod

162 725 424 787 diximus,
480 723 590 790 jugi
641 723 1087 788 septentrionales
1138 720 1274 768 radii
1321 731 1624 768 excurrunt.
1715 718 1843 768 Inde
1883 729 2031 766 trans

161 792 383 844 fluvium
445 790 494 843 S.
555 789 827 840 Francis-ci
884 809 1065 841 versus
1118 790 1553 854 Septentrionem
1611 791 1664 838 in
1722 781 2028 854 provincias

162 861 554 921 Piaulzianam,
604 859 1103 911 Pernambncanctm
1140 866 1192 908 et
1223 859 1456 925 reliquas
1485 877 1668 908 omnes
1696 869 1867 907 terras
1901 872 2032 905 con·

163 935 429 990 tinuatur,
471 950 603 1000 quae
638 932 700 980 ad
738 928 904 994 flavii
953 930 1290 977 Amazonum
1332 939 1555 977 tractum
1591 948 1696 978 non
1736 926 2026 994 pertinent.

163 1007 440 1072 Ingentem
478 1004 612 1052 hanc
646 1002 848 1068 plagam
901 1011 1057 1066 auget
1085 999 1267 1047 forsan
1320 1014 1504 1063 magna
1556 1017 1675 1063 pars
1719 995 2030 1063 provinciae

167 1071 533 1142 Goyazanae,
573 1084 630 1122 ut
657 1071 813 1120 nobis
842 1071 1055 1137 quidem
1085 1085 1212 1118 vero
1253 1067 1424 1116 simile
1458 1067 1667 1116 videtur
1687 1094 1706 1127 5
1745 1077 2032 1132 propterea

168 1144 317 1209 quod
346 1143 537 1192 eodem
572 1142 785 1192 climate
815 1139 1069 1206 gaudeat3
1122 1137 1215 1186 sed
1248 1137 1388 1185 nulla
1432 1137 1587 1184 nobis
1633 1136 1785 1200 liujus
1831 1146 2038 1184 tractus

167 1213 404 1279 gramina
431 1225 553 1262 nota
582 1225 718 1270 sunt,
755 1228 892 1268 nam,
937 1225 1071 1276 quae
1090 1207 1363 1265 habemus,
1395 1206 1446 1254 in
1480 1207 1610 1271 ipsis
1630 1204 1888 1255 limitibus
1915 1222 2038 1270 pro-

168 1284 380 1333 vinciae
417 1284 727 1346 Goyazanae
764 1279 1111 1328 orientalibus
1143 1277 1199 1325 in
1229 1277 1330 1326 alta
1369 1276 1622 1343 planitie,
1682 1273 1940 1342 Chapada
1968 1273 2038 1322 do

171 1351 432 1403 Parandn
469 1352 640 1409 dicta,
680 1351 1009 1415 collegimus.

312 1426 527 1474 Montes
562 1422 715 1486 hujus
756 1419 987 1485 ingentis
1034 1416 1273 1484 regionis
1323 1415 1494 1482 petris
1539 1413 1755 1481 quidem
1795 1423 2041 1464 constant

173 1494 336 1561 longe
386 1490 798 1541 diversissimis:
857 1488 1107 1545 Granite,
1170 1486 1432 1544 Gneisse,
1476 1485 1766 1548 Syenitite,
1827 1484 2044 1534 Schisto

170 1564 434 1629 micacem
473 1561 706 1616 Diorite‚
747 1559 1031 1618 Calcareo,
1073 1573 1230 1625 quem
1261 1566 1618 1603 transeuntem
1646 1566 1864 1612 vocant,
1909 1555 2044 1603 Are-

173 1635 328 1683 nario
353 1670 367 1692 ‚
406 1632 539 1693 rel.;
587 1629 720 1679 coeli
759 1629 1050 1695 temperies
1093 1639 1267 1676 tamen
1308 1627 1490 1674 eadem
1534 1635 1653 1673 est:
1703 1624 2043 1682 calidissima,

177 1705 351 1761 sicca,
413 1719 443 1750 e
491 1701 761 1750 mensibus
808 1699 1004 1766 pluviis
1054 1697 1108 1745 in
1160 1696 1483 1744 siccissimos
1538 1694 1736 1743 abiens.
1827 1693 2049 1743 Initium

176 1772 474 1841 pluviarum
511 1789 576 1820 eo
606 1770 811 1819 tardius
854 1779 963 1826 est,
1006 1786 1109 1835 quo
1154 1766 1318 1833 magis
1353 1766 1413 1813 ad
1442 1768 1800 1832 Aequatorem
1838 1762 2049 1812 accedi-

176 1859 331 1904 :mus3
368 1842 422 1889 in
451 1840 777 1890 calidissimo
809 1839 1025 1888 deserto
1065 1847 1260 1885 tractus
1297 1834 1518 1883 auriferi
1556 1838 1730 1900 (prov.
1760 1830 2050 1881 llffinaram

181 1925 238 1963 et
272 1909 582 1964 Bahiensis)
621 1910 829 1976 pluviae
864 1924 1044 1956 mense
1075 1905 1303 1956 Octobri
1336 1905 1617 1971 ingruunt,
1673 1903 1968 1970 durantque
1998 1902 2054 1950 in

179 1982 466 2043 Martium3
506 1982 561 2029 in
585 1977 867 2028 Searae'nsi
891 1977 1168 2044 provincia
1198 1975 1334 2041 pluit
1370 1993 1395 2021 a
1427 1973 1717 2022 Decembri
1740 1973 1791 2020 in
1819 1975 2055 2023 Junium.

181 2052 371 2102 Visum
404 2063 482 2099 est
508 2050 613 2098 hoc
642 2060 935 2098 memoratu
961 2047 1174 2113 dignum
1194 2081 1227 2107 ,χ
1248 2043 1386 2112 quod
1413 2044 1623 2092 initium
1651 2043 1908 2107 temporis
1939 2041 2058 2108 plu-

183 2122 320 2171 viosi
384 2130 713 2169 constantem
762 2118 1021 2166 rationem
1063 2115 1253 2164 habeat
1301 2114 1363 2162 ad
1405 2113 1790 2179 graminum
1827 2115 2056 2161 Hama-

187 2190 518 2256 dryadum
581 2186 814 2238 florendi
875 2199 1100 2251 tempus.
1201 2187 1320 2233 Hoc
1383 2200 1511 2232 vero
1561 2183 1615 2230 in
1668 2182 1822 2248 hujus
1870 2181 2057 2248 plagae

183 2260 500 2328 regionibus
530 2259 695 2326 magis
735 2258 798 2306 ad
830 2259 1079 2306 Austrum
1112 2253 1227 2307 sitis
1262 2269 1445 2301 mense
1492 2252 1811 2310 Deccmbri,
1865 2253 1920 2299 in
1963 2251 2060 2300 bo-

185 2331 422 2380 realibus
478 2329 773 2378 Februario
831 2326 1042 2391 incipit.
1162 2326 1220 2372 In
1277 2324 1435 2371 maris
1495 2322 1688 2372 vicinia
1758 2322 1913 2371 clima
1965 2320 2060 2368 ali-

187 2413 274 2450 ter
331 2418 388 2450 se
437 2399 628 2457 habet,
697 2415 755 2448 ac
801 2396 1014 2448 videtur
1064 2411 1183 2443 cum
1232 2393 1503 2459 regionis,
1577 2409 1731 2459 quam
1783 2402 2064 2440 montano-

190 2471 502 2536 sylvestrem
543 2469 789 2528 diximus,
839 2467 1148 2516 convenire.
1222 2465 1371 2539 Quae
1410 2463 1534 2511 heic
1573 2464 1813 2511 locorum
1858 2459 2064 2508 mariti-

189 2558 398 2591 morum
424 2539 649 2588 collecta
687 2548 894 2599 essent,
934 2554 1040 2585 non
1083 2533 1365 2594 habemus;
1404 2550 1463 2581 ea
1500 2546 1667 2580 tamen
1697 2531 1760 2579 ab
1795 2530 2065 2595 Dryadum

189 2622 377 2660 natura
431 2609 516 2657 vix
568 2626 627 2658 ac
677 2626 743 2656 ne
795 2609 882 2656 vix
946 2605 1159 2674 quidem
1225 2603 1513 2653 abhorrere
1569 2601 2064 2657 existimaverimu5‚

195 2681 320 2750 quia
351 2691 404 2729 et
436 2697 651 2729 nemora
689 2677 950 2726 maritima
995 2675 1190 2741 passim
1225 2672 1506 2731 frondent,
1565 2683 1616 2720 et
1653 2687 1842 2736 pascua
1883 2679 2067 2736 patent

192 2753 253 2800 in
292 2749 546 2807 vallibus,
603 2765 736 2818 quae
780 2765 808 2796 e
863 2745 1166 2794 monticulis
1216 2743 1503 2792 secundum
1549 2742 1820 2792 Oceanum
1869 2737 2066 2805 passim

194 2819 602 2869 decurrentibus
667 2818 729 2866 ad
788 2834 933 2865 oram
996 2815 1347 2872 inclinantur,
1403 2812 1523 2860 dum
1580 2812 1633 2859 in
1685 2809 2063 2875 Rhizophorae

193 2891 432 2956 Mangles
457 2890 676 2953 sylvulas
709 2887 991 2936 maritimas
1019 2884 1266 2933 dederint
1287 2879 1575 2943 (Camboas
1613 2881 1795 2929 dicunt
1832 2879 1887 2926 in
1917 2894 2068 2944 prov.

193 2956 519 3019 Searcee'nsi).
606 2962 670 3006 At
704 2969 885 3006 contra
917 2957 972 3003 in
1005 2955 1157 3018 hujus
1203 2953 1385 3018 plagae
1438 2963 1579 2999 terra
1623 2951 1931 2998 continente
1977 2948 2076 2996 de-

195 3039 317 3076 sunt
352 3030 524 3092 sylvae
552 3028 849 3094 primaevae
877 3025 1359 3090 sempervirentes,
1400 3037 1687 3086 earumque
1726 3019 1846 3068 loco
1889 3033 2072 3065 succe-

131 3153 137 3159 ,
202 3099 281 3147 dit
312 3097 482 3146 forma
527 3097 914 3162 vegetationis,
956 3112 1111 3161 quam
1150 3094 1316 3156 sylvas
1351 3089 1722 3153 Coa-lingas,
1785 3089 1822 3136 i.
1862 3104 1908 3136 e.
1950 3103 2076 3152 per-

203 3168 411 3233 spicuas
453 3168 616 3234 (quod
647 3179 793 3214 aestu
831 3166 1068 3231 aphyllae
1101 3163 1258 3223 sint),
1302 3161 1426 3209 indo
1458 3160 1707 3208 idiomate
1751 3165 2071 3222 nuncupant,

206 3238 274 3287 de
309 3236 498 3305 quibus
539 3235 592 3283 id
637 3235 923 3283 notandum
960 3233 1163 3291 habeo,
1219 3248 1335 3279 esse
1373 3230 1666 3295 graminum
1702 3228 1859 3276 *valde
1900 3225 2095 3275 orbas..

203 3307 309 3360 Ubi
361 3317 533 3355 tamen
593 3306 767 3367 sylvae
825 3303 923 3352 hae
970 3299 1309 3366 Caci-lingas
1350 3299 1401 3346 in
1455 3299 1707 3346 distortas
1761 3310 2077 3363 sparsasque

206 3376 512 3428 arbusculas
558 3370 900 3434 (Taboleiro)
938 3370 1284 3419 humiliantur
1309 3404 1321 3426 ,
1373 3368 1601 3417 solitarii
1642 3369 1934 3435 graminum
1972 3365 2078 3413 fas-

204 3446 365 3495 ciculi
418 3456 737 3503 nascuntur,
806 3442 898 3510 qui
948 3439 1273 3506 caespitibus
1315 3437 1596 3494 discretis,
1668 3439 1849 3485 colore
1894 3433 2080 3483 viridi-

201 3517 390 3569 incano
425 3525 480 3565 et
518 3514 715 3582 insigni
750 3511 1096 3579 pubescentia
1141 3507 1377 3577 gramina
1436 3508 1511 3558 sic
1558 3508 1821 3558 dictorum
1873 3519 2083 3570 campo-
