2100 3882
317 92 666 143 Gnammnm.
736 92 1146 142 Anuxmxmm.
1218 91 1635 139 Menosmenrs.
1794 84 1924 143 527-

55 238 147 289 sed
183 239 489 289 laxioribus.
560 237 801 290 Varietas
837 256 882 286 a.
923 238 975 286 in
1011 238 1181 287 hortis
1220 237 1418 287 nostris
1455 235 1716 303 vulgaris,
1762 252 1790 284 a
1826 236 1894 285 cl.

52 309 311 359 Fischero
350 305 715 373 Triglossi
751 306 966 356 nomine
1000 307 1318 373 descriptum
1357 323 1505 366 esse,
1547 323 1575 354 e
1612 305 1803 370 planta,
1840 306 1897 354 in

52 379 208 427 horto
246 375 551 427 Coloniensi
590 375 723 423 culta
767 386 818 423 et
856 393 881 422 a
920 375 984 422 el.
1022 377 1154 425 Viro
1193 377 1482 424 examinata
1520 373 1666 424 docti
1702 390 1896 433 sumus,

54 446 200 512 eujus
238 447 434 495 siecum
474 444 767 507 exemplum
805 443 860 490 in
898 445 1160 493 Herbario
1200 445 1464 510 Sinningii
1499 442 1697 502 nostri,
1751 444 1894 491 Hor-

52 515 217 563 tulani
267 513 624 562 universitatis
677 511 966 560 litterarum
1021 514 1351 572 Bonnensis,
1405 524 1587 561 exstat.
1675 510 1894 560 Plantae

50 583 267 633 florenti
320 594 371 632 et
419 581 569 647 paulo
624 581 873 630 maeriori
930 580 1059 629 folia
1111 583 1314 630 minora
1363 593 1480 630 sunt
1516 582 1689 648 iisque
1728 581 1895 630 Arun-

50 653 287 701 dinariae
322 649 703 717 glaucescentis
741 649 903 715 magis
941 649 1165 707 similia,
1216 652 1311 699 sed
1347 652 1648 718 angustiora
1685 665 1896 716 semper

49 738 222 788 neque
260 737 484 786 unquam
521 719 700 783 glauca
749 718 930 768 basive
979 729 1231 767 truncata.
1318 723 1399 768 De
1450 721 1572 771 Var.
1627 726 1707 779 β.,
1761 735 1894 786 quae

51 789 319 840 Arundo
355 790 679 855 gigantea
716 789 937 845 walt„
993 806 1018 836 a
1070 787 1328 837 botanicis
1378 789 1656 838 Americae
1701 788 1893 838 borea-

48 859 115 908 lis
149 859 474 908 accuratiora
511 856 738 924 denique
779 857 830 904 in
870 872 962 922 spe
1001 868 1134 906 sunt.

49 999 52 1001 ,
181 944 696 996 Arunndinaria
748 943 1203 994 verticillata
1249 945 1308 991 N.
1367 944 1436 992 ab
1476 946 1537 993 E.
1613 943 1769 1006 (Vide
1809 961 1894 994 su-

46 1031 140 1081 pra
174 1017 302 1064 Nro.
350 1018 418 1077 1.)
464 1031 675 1063 racemo
732 1014 996 1062 terminali
1044 1030 1310 1062 ramorum
1357 1012 1716 1079 aphyllorum,
1777 1029 1896 1063 ere·

46 1095 162 1142 eto,
201 1083 346 1133 foliis
386 1082 647 1150 elongatis
683 1082 989 1132 lanceolatis
1024 1083 1138 1131 basi
1175 1081 1467 1131 rotundatis
1505 1083 1754 1151 utrinque
1783 1098 1894 1132 sca-

43 1153 182 1212 bris,
223 1155 393 1202 eulmo
430 1153 688 1201 fruticoso
726 1152 884 1201 ramis
924 1151 1410 1202 semiverticillatis.

182 1237 406 1288 Habitat
436 1240 487 1288 in
514 1237 768 1288 Brasilia.

178 1327 695 1378 ‘3Arunclinaria
745 1326 1081 1393 pinifolia
1133 1328 1197 1375 N.
1250 1326 1325 1374 ab
1372 1329 1433 1374 E.
1521 1324 1683 1387 (Vide
1733 1342 1890 1394 supra

43 1394 171 1445 Nro.
210 1396 284 1458 2.)
323 1395 718 1447 inflorescentia
910 1396 1055 1446 foliis
1096 1395 1312 1445 lineari·
1341 1396 1593 1443 subulatis
1630 1396 1892 1445 viridibus

45 1466 311 1525 laevibus‚
371 1467 542 1515 culmo
582 1466 957 1515 arborescente
991 1467 1149 1514 ramis
1186 1464 1655 1516 semiverticillatis
1693 1466 1895 1534 vaginis

46 1535 330 1601 cuspidatis
366 1536 587 1603 aphyllis
631 1533 876 1584 suffultis.

179 1619 401 1671 Habitat
439 1623 492 1672 in
530 1620 787 1672 Brasilt‘a.

613 1768 791 1813 LXXX.
852 1767 1325 1814 MEROSTACHYS.

246 1876 364 1947 Spr.
404 1876 457 1929 S.
510 1884 563 1931 V.
601 1878 646 1929 I.
682 1898 736 1947 p.
782 1885 890 1934 132.

204 1986 487 2066 Spiculae
524 1989 587 2044 in
625 1988 854 2068 spicam
897 1986 1222 2045 secundam
1275 1984 1623 2064 dispositae.
1712 1986 1895 2066 Calyx

43 2067 354 2145 biglumiS‚
413 2069 870 2137 subcoriaeeUS,
928 2068 1239 2124 unissorus.
1328 2067 1577 2124 Glumae
1613 2067 1895 2146 inaequa-

40 2148 159 2205 les:
215 2149 489 2228 superior
543 2151 751 2228 major.
847 2147 1158 2206 Floseulus
1219 2147 1743 2227 hermaphroditus
1799 2149 1893 2206 vel

42 2229 341 2286 masculus
369 2230 429 2303 ἡ(Ἴ
475 2231 537 2286 in
579 2230 825 2287 diversis
872 2229 1089 2307 spiciS,
1135 2227 1383 2287 bivalvis
1406 2270 1422 2296 ,
1467 2227 1701 2287 valvula
1740 2229 1891 2287 infe-

46 2310 206 2367 riore
235 2310 572 2369 involvente
608 2311 856 2368 alteram
889 2312 1072 2368 dorso
1101 2306 1410 2366 binervem
1446 2309 1889 2387 complicatam.

42 2391 370 2448 Lodieulae
421 2405 580 2459 treS,
647 2391 901 2449 eiliatae.
984 2391 1286 2450 Antherae
1338 2404 1498 2459 treS,
1555 2391 1888 2469 elongatae,

44 2468 148 2546 (in
186 2471 440 2528 flosculo
478 2473 748 2530 masculo
784 2471 1019 2529 sessiles
1050 2467 1140 2548 (?)
1173 2472 1195 2543 )

202 2554 463 2609 Gramen
498 2552 994 2611 hambusoideum
1021 2552 1202 2608 ramis
1231 2550 1601 2607 fasciculatis
1643 2571 1675 2607 e
1708 2552 1887 2609 nodis

42 2631 220 2689 culmi
262 2633 607 2691 lateralibus
653 2634 1005 2692 orientibus.
1093 2633 1277 2712 Spica
1327 2631 1628 2701 solitaria,
1684 2634 1888 2691 termi-

40 2713 192 2771 nalis
234 2736 564 2783 ramorum,
611 2736 642 2771 e
687 2716 875 2772 latere
916 2714 1195 2792 vaginae,
1258 2733 1585 2791 emergens.

201 2796 404 2853 Genus
444 2796 778 2874 proximum
817 2795 1107 2852 Ludolf
1120 2794 1233 2850 iae
1276 2794 1379 2850 W.

433 2941 472 2981 l·
518 2948 1055 2986 MEROSTACHYS
1101 2947 1481 2984 SPECIOSA.

172 3034 244 3080 M.
277 3032 492 3098 spiculis
523 3035 776 3084 solitariis
796 3072 809 3092 ,
849 3033 1052 3085 valvula
1080 3033 1331 3082 inferiori
1357 3030 1646 3081 acuminata
1665 3029 1884 3080 hirsuta.

246 3120 465 3188 Spreng.
505 3120 538 3170 l.
578 3140 621 3171 c.
654 3141 708 3189 p.
752 3132 865 3188 240.

95 3256 145 3309 ³¹³)
176 3254 391 3298 Dioicum
434 3273 533 3301 esse
574 3274 763 3318 gramen
798 3261 1060 3316 suspicatus
1107 3265 1175 3301 est
1216 3256 1394 3298 clariss·
1440 3265 1618 3297 auctor.
1651 3273 1702 3282 —
1744 3248 1882 3310 Quod

147 3309 180 3350 l.
215 3325 251 3351 c.
288 3313 335 3352 iu
365 3314 637 3357 charactere
679 3318 913 3358 essentias·
946 3314 1132 3371 generis
1165 3313 1517 3363 „rudimentum
1550 3311 1744 3350 alterius
1781 3306 1882 3368 flos·

149 3365 241 3406 culi
283 3369 448 3409 inter
487 3370 856 3421 antheras(!)
889 3370 1426 3413 su1mu21nbranaecum“
1469 3365 1526 3406 ⁰¹·
1574 3363 1882 3425 Spsf'ngffims

146 3419 367 3473 exhibet,
401 3423 477 3465 vel
512 3425 725 3467 ovarium
760 3441 880 3474 esse,
912 3427 987 3467 vel
1019 3423 1282 3474 lodhulas,
1317 3421 1547 3463 neminem
1579 3419 1714 3474 sugit·
