2100 3882
153 139 255 191 528
661 131 1008 182 GnAmNEAn.
1081 131 1514 185 Menos'rscnrs·

295 283 467 334 Culmi
520 297 639 346 pars
703 280 948 330 crassitie
995 280 1176 331 calami
1219 281 1542 341 communis,
1597 278 1866 349 aequalis,
1914 278 2019 347 lig-

155 370 349 413 nosus,
398 350 677 400 medullari
712 350 837 400 tubo
871 350 1046 409 inani,
1084 351 1374 401 tuberculis
1416 350 1634 398 minutis
1676 349 2017 416 asperrimus-

154 424 308 473 Rami
347 423 400 470 in
436 420 643 488 singulo
674 419 814 467 nodo
841 419 1048 468 laterali
1076 419 1299 480 2l2—3o
1330 420 1740 478 adscendentes,
1779 418 2014 484 pedales,

155 492 400 542 crassitie
437 506 643 556 pennae
690 488 1053 547 columbinae,
1110 500 1337 547 teretes,
1384 491 1593 548 laeves,
1648 488 1853 555 glabri,
1901 486 2017 536 basi

153 561 400 611 denudati
448 570 499 608 et
550 557 813 625 geniculis
849 558 1172 607 tumentibus
1211 559 1474 616 annulati,
1529 576 1758 624 superne
1813 557 2016 623 vaginis

153 630 411 688 involuti,
465 645 649 677 omnes
693 628 844 693 apice
874 628 1253 692 monostachyi.
1326 630 1558 695 Vaginae
1590 638 1731 677 arcte
1765 621 2046 676 convolu?

157 710 273 758 tae,
314 699 554 755 striatae,
596 696 844 763 glabrae,
901 697 1220 746 internodiis
1253 697 1559 763 longiores,
1611 697 1762 762 apice
1798 695 2018 762 oblique

155 778 428 818 truncatae
469 766 746 833 alteroque
785 767 952 815 latere
977 802 989 825 ,
1052 767 1248 834 ligulae
1286 766 1437 827 loco,
1489 766 2020 816 submembranaceae

154 837 503 895 rotundatae,
544 836 756 885 fuscae:
810 847 1070 895 extrema,
1125 852 1258 903 quae
1309 837 1508 902 spicam
1555 835 1731 895 fovet,
1792 834 2020 902 reliquis

122 907 320 956 ‘multo
361 906 577 971 longior
611 916 664 955 et
697 904 884 967 latior,
923 921 1260 970 compressa,
1300 904 1466 954 latere
1497 905 1779 955 dehiscens
1814 915 1868 953 et
1901 920 2022 952 cum

153 976 291 1026 folio
324 994 417 1024 suo
451 976 617 1041 ipsam
654 975 851 1040 spicam
882 993 1026 1023 suam
1057 975 1195 1023 haud
1231 991 1351 1024 raro
1379 992 1660 1040 superans,
1699 975 1754 1023 in
1783 973 1901 1023 aliis
1932 990 2023 1021 an-

157 1047 366 1114 gustior
409 1057 562 1112 atque
603 1055 841 1093 truncata
879 1044 1119 1111 folioque
1165 1042 1311 1092 orba.
1381 1044 1534 1093 Folia
1564 1043 1761 1108 3{—-4
1792 1042 2020 1110 pollices

153 1115 346 1181 longa,
412 1114 662 1180 pollicem
707 1114 849 1162 circa
894 1113 1045 1161 basin
1091 1115 1218 1173 lata,
1270 1112 1803 1174 ovato-acuminata,
1850 1111 2020 1178 plana,

158 1184 621 1243 undecininervia,
687 1182 1034 1250 glaberrima,
1101 1182 1339 1250 margine
1390 1182 1744 1232 scabriuscula
1767 1218 1780 1242 ,
1837 1181 2022 1232 subtus

159 1255 375 1322 glauca,
431 1254 689 1320 rigidula,
752 1251 1038 1316 petiolata,
1106 1252 1309 1318 petiolo
1352 1251 1601 1301 bilineari
1658 1269 1813 1317 supra
1862 1251 2021 1317 plano

158 1323 342 1374 subtus
401 1323 806 1372 convexiusculo
855 1321 1038 1387 glabro
1078 1321 1431 1371 susceseente.
1522 1322 1681 1386 Spica
1726 1321 2023 1370 terminalis

160 1393 191 1443 6
230 1393 473 1459 pollices!
499 1393 686 1458 longa,
738 1391 956 1452 falcata,
1010 1391 1265 1450 secunda,
1316 1392 1367 1440 in
1404 1391 1673 1457 juventute
1713 1391 1900 1458 vagina
1939 1390 2022 1437 in-

162 1463 304 1512 clusa
341 1472 508 1510 aetate
545 1479 573 1510 e
602 1463 767 1509 latere
805 1477 1105 1526 erumpens.
1178 1461 1410 1511 Rhachis
1439 1473 1683 1528 angusta,
1723 1460 1884 1510 dorso
1907 1460 2019 1526 pla-

158 1551 252 1594 na,
294 1532 476 1581 subtus
516 1530 743 1579 carinata
783 1542 836 1578 et
878 1531 929 1577 in
965 1543 1188 1598 utroque
1222 1531 1390 1580 latere
1437 1549 1535 1597 pro
1573 1530 1896 1597 spicularum
1938 1530 2019 1577 in-

158 1601 395 1651 sertione
453 1599 698 1648 dentibus
744 1599 962 1648 alternis
1023 1601 1299 1666 praedita,
1362 1612 1470 1650 tota
1513 1599 2018 1667 strigoso-sericea.

93 1665 95 1673 ’
160 1671 404 1737 Spiculae
443 1669 734 1725 solitariae,
776 1669 1109 1729 imbricatae,
1151 1681 1647 1736 erecto-patentes,
1688 1680 1895 1729 aretae,
1937 1685 2020 1716 se-

158 1741 389 1798 cundae,
431 1740 785 1800 lanceolatae,
843 1740 1248 1800 teretiuseulae,
1307 1758 1365 1789 io
1401 1740 1566 1789 lineas
1598 1740 1816 1806 longae,
1868 1738 2021 1805 pedi-

160 1811 292 1860 cello
329 1809 645 1858 brevissimo
679 1809 909 1874 strigoso
952 1810 1160 1858 innatae
1185 1846 1197 1870 ,
1236 1808 1525 1869 unillorae,
1565 1809 1842 1876 biglumes.
1894 1809 2022 1859 Glu-

158 1897 271 1928 mae
307 1880 615 1938 coi-iaceae,
655 1878 803 1926 valde
839 1879 1173 1945 inaequales,
1215 1890 1366 1928 extus
1399 1880 1696 1945 strigosae,
1748 1879 1886 1927 intus
1916 1878 2023 1926 lae-

157 1967 249 1999 ves
292 1960 345 1996 et
390 1947 846 1996 intenti-fuscae:
902 1949 1127 1997 inlerior
1174 1948 1843 2007 lanceolam-acuminata,
1895 1945 2023 1996 flos-

160 2019 280 2068 culo
316 2017 476 2082 duplo
511 2017 754 2064 brevior:
795 2019 1039 2082 superior
1075 2018 1505 2084 ovato-oblonga
1528 2052 1540 2075 ,
1580 2018 1636 2064 in
1667 2018 1873 2084 longam
1907 2034 2022 2067 cus-

159 2087 340 2155 pidem
377 2086 799 2135 aristaeformem
851 2098 1149 2146 attenuata,
1201 2088 1864 2153 septem-novemnerviS,
1919 2085 2023 2136 sic-

162 2157 320 2206 citate
362 2155 823 2212 sulcato-striata,
878 2154 1153 2205 flosculum
1207 2158 1549 2225 subaequans.
1624 2156 1901 2207 Flosculus
1939 2156 2024 2204 in-

162 2238 239 2275 tra
268 2228 495 2289 calyccm
528 2225 906 2290 pedicellatus,
954 2226 1218 2291 pedicello
1255 2227 1446 2276 lineam
1475 2228 1662 2293 longo,
1718 2226 1843 2274 hinc
1872 2243 2021 2275 cana-

159 2296 406 2354 liculato,
463 2296 614 2360 apice
654 2294 941 2354 noduloso,
995 2297 1247 2362 strigoso.
1335 2297 1547 2348 Valvula
1595 2295 1825 2346 inferior
1866 2312 2024 2361 supe-

159 2366 359 2415 riorem
414 2365 766 2429 amplectens,
829 2376 984 2414 ovato
1016 2395 1028 2404 ·
1070 2366 1327 2433 oblonga,
1396 2367 1638 2415 subulato
1665 2365 2019 2424 -aeuminata‚

161 2435 417 2492 carinata,
457 2434 725 2491 coriaeea,
781 2433 1244 2485 fusco-hirsutula
1277 2436 1535 2503 apiceque
1569 2436 1885 2500 praesertim
1924 2434 2024 2485 vil-

160 2506 277 2553 loso
308 2503 514 2562 ciliata,
555 2504 696 2551 intus
733 2502 1028 2552 laevissima
1054 2506 1233 2567 fusca;
1273 2508 1522 2572 superior
1563 2504 1800 2568 ejusdem
1846 2504 2023 2554 altitu-

161 2574 327 2630 dinis,
370 2574 421 2620 in
461 2573 706 2621 masculis
734 2574 954 2638 spiculis
992 2573 1421 2644 juvenilibusque
1456 2575 1701 2625 omnibus
1729 2575 2023 2633 convoluta,

159 2643 217 2691 in
248 2642 596 2691 adultioribus
625 2643 1074 2708 hermaphroditis
1119 2661 1454 2711 compressa,
1512 2645 1744 2693 carinam
1778 2643 1896 2693 fere
1934 2659 2022 2692 co-

159 2711 325 2762 rollae
369 2711 762 2778 papilionaeeae
799 2713 1071 2772 referens,
1120 2714 1451 2773 laevissima,
1508 2714 1819 2772 chartacea,
1857 2729 2022 2763 nervo

162 2782 360 2847 duplici
402 2781 599 2829 dorsali
638 2781 935 2846 bipartibili
966 2784 1106 2831 intus
1134 2801 1291 2843 cavo,
1342 2783 1628 2833 introrsum
1660 2783 2017 2848 prominente,

162 2851 359 2911 divisa3
403 2861 622 2918 utraque
666 2852 873 2900 mutica.
948 2854 1234 2903 Lodiculae
1266 2864 1408 2914 tres,
1449 2854 1690 2920 germine
1717 2853 2014 2912 breviores,

161 2920 628 2977 membranaceae,
688 2921 1007 2981 obconicae,
1048 2934 1315 2972 truncatae
1341 2959 1354 2981 ,
1394 2925 1543 2989 apice
1580 2922 1812 2979 ciliatae‚
1855 2921 2022 2971 albae.

165 2990 395 3038 Stamina
430 2988 531 3037 (luo
565 3001 762 3037 tantum
792 2991 928 3048 vidi,
971 2992 1206 3042 antheris
1225 2991 1654 3042 incumbentibus
1675 2990 1872 3049 fuscis,
1910 2989 2024 3039 fila-

162 3059 354 3106 mentis
398 3058 480 3117 in,
509 3057 942 3123 hermaphrodito
988 3059 1119 3109 flore
1182 3062 1443 3128 elongatis
1496 3060 1609 3110 basi
1651 3059 1917 3118 dilatatis,
1966 3060 2023 3108 in

165 3127 407 3175 masculis
448 3127 565 3191 (qui
607 3129 818 3195 quidem
850 3147 1030 3178 omncs
1062 3132 1114 3177 in
1151 3133 1348 3180 nostris
1389 3131 1618 3178 nondum
1648 3130 1865 3193 adulti),
1903 3128 2023 3179 bre·

168 3197 336 3244 vibus.
414 3197 638 3243 (jcrmen
686 3197 981 3262 trigonum,
1021 3199 1287 3265 glabrum3
1337 3199 1496 3264 stylus
1530 3199 1815 3259 bulbosus‚
1869 3198 2022 3263 apice

165 3265 388 3325 bilid1133
431 3265 668 3328 stigmata
709 3269 842 3322 (luo,
894 3268 1243 3332 glabriuscula
1282 3268 1543 3332 <plumosa
1584 3269 1757 3328 Trin.)
1799 3296 1860 3304 -—
1901 3269 2020 3332 Spi-

167 3336 280 3383 cula
314 3336 538 3380 mascula
567 3334 627 3381 ab
665 3335 1093 3399 hermaphrodita
1135 3355 1237 3385 non
1269 3336 1480 3396 differt,
1536 3338 1635 3384 nisi
1675 3337 1911 3386 absentia
1939 3339 2019 3402 pi-

164 3405 321 3472 stilli,
363 3403 703 3470 anthei-isque
738 3405 958 3468 (tribus)
994 3405 1365 3454 subsessilibus
1385 3408 1459 3468 (2²)
1500 3407 1811 3455 minoribus.

295 3482 516 3532 Habitat
559 3521 727 3537 ......
779 3487 851 3550 ’5.
926 3488 1074 3551 (ticli
1109 3488 1160 3537 in
1200 3485 1360 3537 Herb.
1397 3488 1528 3556 Reg.
1561 3486 1778 3555 Berols)
