2100 3882
632 129 979 179 GnAmmEAE.
1051 124 1348 176 Pas'PAmS.
1858 122 1931 175 43

195 276 474 343 Paspalum
504 264 1022 343 blepharophorum,
1061 272 1179 343 Spr.
1215 273 1268 326 S.
1312 274 1371 326 V.
1401 271 1449 325 I.
1473 290 1532 340 p.
1561 269 1680 334 246.
1705 289 1758 324 n.
1785 270 1872 336 37.

197 346 477 413 Paspalum
507 346 773 406 (filiatum,
825 342 1022 395 Humb.
1058 354 1110 394 et
1143 343 1216 397 Η.
1252 344 1336 396 ΔΝ.
1369 342 1434 394 G.
1466 351 1516 393 et
1545 339 1634 410 Sp.
1665 339 1713 391 I.
1756 359 1815 410 ρ.
1849 341 1934 405 87.

270 425 309 468 t.
341 425 422 475 24.
473 412 659 463 chnllz
690 412 824 481 Syn.
856 412 902 463 I.
937 433 993 481 ρ.
1029 416 1145 466 165.

197 511 245 557 β.
286 503 504 570 spiculis
551 502 986 570 quadriseriatis,
1037 502 1229 551 lineam
1261 501 1466 570 longis,
1520 498 1673 548 soliis
1711 495 1937 547 minori-

62 575 159 624 bus
195 573 393 622 strictis
425 574 663 639 margine
697 571 940 621 crebrius
972 571 1165 621 ciliatis
1198 572 1364 632 (ciliis
1389 569 1716 637 patentibus)
1753 566 1938 616 subtus

65 642 264 711 glabris
290 643 371 692 vel
405 660 506 691 una
534 643 763 692 alterave
791 653 904 690 seta
931 641 995 690 ad
1023 654 1218 691 costam
1250 641 1509 705 inspersa,
1547 638 1754 707 vaginis
1784 652 1941 704 prae-

62 724 149 762 ter
174 712 468 778 marginem
494 711 724 779 glabris,
764 712 938 761 culmo
964 711 1252 760 humiliore
1282 711 1576 759 strictiore.

207 797 434 847 Habitat
470 798 553 860 (οι.
585 797 635 846 in
669 817 835 866 regno
862 798 1048 847 ,Νουο-
1070 796 1438 860 Οναηαίεηεὶ.)
1486 795 1610 846 Var.
1635 801 1684 849 β.
1713 774 1768 842 in
1798 789 1942 841 Bra-

61 868 200 920 silia.
254 867 527 933 (Sellow.)
547 897 617 905 —--
675 868 788 918 Vid.
820 868 873 917 in
904 866 1071 918 Herb.
1100 866 1240 936 Reg.
1263 865 1448 917 Berol.

211 957 488 1009 Observ.
562 959 758 1016 Notae,
814 956 1008 1025 quibus
1049 968 1275 1024 utraque
1317 953 1598 1005 diversitas
1630 951 1840 1002 recedit
1879 950 1945 1000 ab

73 1028 267 1088 altera,
307 1026 523 1076 nonnisi
547 1046 572 1075 a
605 1027 969 1095 magnitudine
999 1029 1228 1095 partium
1265 1025 1499 1091 pendent
1528 1022 1824 1072 hirsutieve
1853 1037 1946 1087 pa-

72 1098 229 1166 ginae
262 1097 538 1146 inferioris
563 1096 814 1146 soliorum
844 1109 1001 1165 atque
1032 1098 1337 1162 vaginarum
1371 1095 1426 1142 in
1449 1094 1755 1158 posteriore
1788 1088 1946 1139 dimi-

70 1179 194 1218 nuta
226 1185 381 1236 quam
413 1166 497 1216 vel
531 1167 585 1214 in
620 1167 774 1216 icone
802 1167 1217 1216 Humbolcltiana
1247 1182 1433 1233 parum
1465 1179 1770 1228 expressam
1796 1159 1946 1212 vide-

68 1256 204 1287 mus.
279 1236 613 1302 Spicularum
648 1237 1094 1302 magnitudinem,
1136 1254 1297 1304 quum
1331 1246 1561 1300 uterque
1601 1230 1837 1298 ejusdem
1869 1228 1948 1277 la-

70 1309 206 1356 teris
242 1306 536 1371 pedicellus
570 1324 712 1355 suam
747 1307 1010 1356 evolverit
1049 1306 1305 1372 spiculam
1327 1341 1340 1365 ‚
1401 1302 1625 1353 diminui
1665 1309 1948 1366 expertum

73 1389 181 1436 est,
222 1376 290 1425 ol)
319 1377 511 1425 divisas
531 1411 542 1433 ,
582 1387 825 1441 putares,
861 1376 1176 1425 nutrimenti
1207 1377 1346 1425 vires
1373 1386 1424 1424 et
1453 1372 1682 1439 copiam.
1756 1368 1948 1419 Gluma

70 1446 299 1495 inferior
331 1463 436 1494 non
468 1446 670 1509 minus,
724 1447 883 1494 acin
924 1447 1222 1512 Paspalo
1262 1440 1839 1498 Humboldtiano‚
1890 1437 1949 1485 in

70 1516 169 1565 hac
211 1533 425 1583 quoque
457 1515 634 1580 specie
670 1516 924 1566 trinervis
965 1517 1269 1583 reperitur,
1323 1530 1488 1563 nervo
1526 1510 1704 1559 medio
1742 1507 1949 1558 tenuis-

74 1587 239 1647 simo;
290 1585 539 1651 superior
572 1597 772 1646 autem,
827 1604 961 1654 quae
995 1587 1252 1635 trinervis
1285 1595 1365 1634 est
1398 1584 1453 1631 in
1484 1584 1544 1631 P.
1578 1576 1948 1630 Humbold-

75 1657 299 1713 tiano,
353 1666 539 1704 nostro
575 1656 946 1723 quadrinervis
981 1657 1236 1723 contigit,
1288 1654 1459 1722 quod,
1514 1650 1559 1700 si
1589 1650 1782 1717 plicam
1802 1664 1949 1709 ⁴mar-

75 1726 212 1792 ginis
247 1727 302 1773 in
333 1741 549 1774 censum
577 1727 882 1787 vocaveris,
961 1726 1190 1793 glumam
1226 1724 1563 1791 superiorem
1602 1731 1821 1770 externe
1852 1715 1949 1765 tri-

75 1796 312 1848 vittatam
339 1794 579 1845 habebis.
653 1797 814 1846 Nervi
845 1796 1091 1846 laterales
1116 1804 1522 1863 purpurascunt.

539 1899 613 1950 28·
675 1914 1038 1952 PASPALUS
1095 1913 1402 1953 ovATUS.
1443 1904 1475 1954 †

211 1985 273 2032 P.
304 1985 530 2034 racemis
565 1986 806 2051 pluribus
839 1986 1090 2045 alternis,
1139 1985 1324 2035 rhachi
1355 1984 1510 2051 plana
1540 1991 1688 2030 recta
1727 1976 1948 2045 spiculis

78 2055 306 2122 geminis
348 2056 685 2120 angustiore,
771 2057 961 2122 glumis
1012 2057 1182 2106 ovatis
1234 2056 1403 2105 acutis
1451 2052 1688 2118 margine
1736 2047 1947 2104 lanatis,

79 2124 252 2174 culmo
283 2124 495 2191 glabro,
551 2126 708 2174 nodis
750 2128 1062 2195 vaginisque
1101 2126 1455 2176 inferioribus
1505 2137 1663 2189 saepe
1704 2116 1946 2174 hirsutiS,

78 2193 227 2244 soliis
258 2194 548 2244 linearibus
582 2197 829 2246 carinatis
861 2215 953 2247 ore
980 2197 1233 2245 barbatis.

213 2277 447 2329 Variat
485 2297 531 2325 οι.
567 2279 1064 2345 grandiflorus‚
1136 2277 1354 2344 spiculis
1412 2275 1470 2341 1}
1502 2274 1698 2323 lineam
1745 2269 1940 2338 longiS,

80 2344 271 2412 glumis
298 2345 524 2395 flosculo
555 2348 856 2396 lenticulari
887 2348 1250 2416 longioribus,
1290 2346 1494 2412 vaginis
1521 2342 1814 2410 nodisque,
1865 2357 1950 2388 su-

79 2416 389 2480 perioribus
419 2416 629 2476 saltem,
670 2418 944 2484 plerisque
973 2418 1196 2483 glabris,
1227 2416 1375 2464 foliis
1407 2413 1600 2481 planiS.

217 2503 494 2569 Paspalum
526 2504 796 2568 platense,
836 2500 956 2571 Spr.
991 2500 1044 2553 S.
1082 2502 1139 2552 V.
1172 2500 1219 2552 I.
1249 2521 1306 2570 p.
1336 2511 1453 2566 247.
1490 2519 1545 2549 η.
1570 2499 1656 2550 51.

212 2585 491 2652 Paspalum
521 2587 717 2649 Selloi,
758 2584 876 2653 Spr.
913 2584 1079 2635 Herb.
1122 2583 1310 2635 VVilld.

217 2682 266 2726 β.
304 2674 762 2740 parvifloriis,
827 2675 1048 2741 spiculis
1079 2674 1275 2723 lineam
1320 2670 1523 2737 longis,
1598 2665 1789 2735 glumis
1826 2661 1947 2713 flos-

83 2742 259 2792 culum
291 2744 589 2809 ellipticum
620 2744 1094 2812 subaequantibus,
1155 2742 1358 2810 vaginis
1391 2739 1664 2806 plerisque
1699 2735 1950 2785 tubercu-

83 2813 474 2874 lato-hirsutis,
514 2813 667 2862 nodis
697 2815 935 2872 hirsutis,
965 2814 1113 2863 foliis
1134 2809 1577 2879 (angustioribus)
1600 2804 1950 2872 complicatis,

222 2896 503 2962 Paspalum
535 2897 854 2959 velutinum,
900 2894 1049 2944 Tria.
1083 2895 1135 2943 in
1168 2893 1273 2946 litt.

220 2977 512 3043 Paspalo
550 2980 869 3028 oriantho
911 2978 1009 3041 (cf.
1037 2981 1195 3045 Pasp.
1229 2994 1307 3043 sp.
1342 2974 1447 3034 23.)
1491 2969 1666 3040 quoad
1703 2981 1949 3018 staturam

88 3054 142 3093 et
175 3047 453 3095 crescendi
489 3049 700 3097 modum
742 3050 960 3108 similis,
1014 3048 1098 3098 his
1147 3046 1484 3113 potissimum
1521 3041 1666 3090 notis
1715 3036 1949 3087 recedit:

86 3114 289 3180 vaginis
323 3117 684 3184 longioribus,
743 3118 1092 3168 inferioribus
1126 3115 1416 3166 tuberculis
1449 3109 1693 3178 piligeris
1726 3105 1950 3156 remotis

87 3182 331 3243 hil'SutiS‚
370 3187 517 3235 soliis
546 3188 658 3251 plus
690 3207 846 3254 quam
878 3182 1039 3253 duplo
1070 3185 1405 3254 longioribus
1438 3179 1730 3230 linearibus
1764 3175 1948 3226 subtus

86 3253 335 3302 carinatis
402 3255 624 3323 glabris,
708 3259 871 3326 ligula
911 3257 1072 3324 longe
1124 3268 1328 3306 exserta
1363 3254 1584 3310 ‘lacet-a,
1664 3243 1948 3296 racemulis

85 3321 249 3382 3—l}
281 3324 505 3390 pollices
545 3327 750 3393 longis,
817 3326 1039 3395 spiculis
1083 3325 1189 3376 late
1238 3323 1436 3382 ovantis,
1501 3331 1725 3385 utraque
1773 3314 1948 3380 gluma

88 3394 326 3459 margine
363 3395 809 3457 villoso-ciliata,
871 3396 1132 3445 inferiore
1182 3395 1342 3445 dorso
1379 3406 1565 3459 parum
1599 3387 1947 3454 pubescente,

89 3478 192 3580 ’1ῑῖιᾶ
244 3474 368 3512 nota
415 3464 572 3514 etiam
620 3484 647 3515 a
695 3469 756 3517 P.
793 3464 1326 3518 Humboldtiano
1376 3472 1432 3512 et
1476 3461 1540 3510 P.
1580 3453 1944 3520 blepharo-

89 3546 123 3594 Ρ
189 3549 305 3584 oro
341 3535 565 3584 recedit.
1428 3566 1431 3568 ,
