2100 3882
564 144 917 199 Gmmnmr..
990 145 1365 196 Pnnmsnnm.
1792 132 1895 203 2³61

175 291 472 345 observ.
566 291 801 340 Tametsi
862 291 1184 340 simillimum
1254 292 1496 343 videatur
1559 291 1664 343 hoc
1721 311 1899 361 genus

39 359 525 430 Gymnotrichi
573 360 758 425 generi
801 360 958 408 modo
998 361 1299 427 descripto,
1355 363 1479 411 satis
1527 374 1700 423 tamen
1742 364 1900 413 distat

35 444 251 513 praeter
279 431 607 481 involucrum
646 429 965 494 spicularum
993 440 1226 487 textura,
1265 432 1319 479 in
1357 432 1543 498 glumis
1572 430 1902 500 flosculoque

37 502 294 551 inferiore
326 498 569 567 pertenui
605 508 657 546 et
686 497 854 556 sicca,
894 498 949 546 in
982 497 1413 564 hermaphrodito
1448 513 1629 551 contra
1659 499 1898 551 firmiore

38 582 92 619 et
132 570 395 636 denique,
453 566 888 633 quemadmodum
932 568 987 615 in
1035 568 1234 616 Panico
1281 581 1417 628 cet.,
1469 571 1737 631 indurata,
1790 584 1899 621 tum

38 639 189 706 apice
224 640 505 705 glumarum
533 635 701 684 inciso
722 672 735 695 ,
773 637 1094 707 valvularum
1120 636 1540 703 hermaphroditi
1565 653 1735 690 autem
1754 653 1901 690 trun-

40 719 158 758 cato
217 719 271 756 et
310 707 486 757 ciliato
522 722 693 771 neque
736 710 1033 765 attenuato,
1083 705 1329 756 lodiculis
1382 710 1649 770 carnosis,
1718 712 1902 760 orario

36 787 306 834 truncato,
355 774 682 843 stigmatibus
719 775 931 841 pallidis
975 780 1134 844 (quae
1171 792 1437 842 purpurea
1477 791 1597 829 sunt
1642 780 1698 829 in
1743 782 1900 846 Gym-

37 845 326 908 notriche.)

177 933 237 980 In
273 931 399 981 duas
433 932 697 982 sectiones
728 931 920 981 abeunt
955 931 1110 998 hujus
1157 931 1369 998 generis
1414 935 1619 999 species
1641 972 1654 995 ,
1715 935 1778 985 ad
1812 953 1902 986 ex-

38 1012 243 1051 ternam
297 999 516 1067 figuram
568 1001 791 1050 maxime
836 1013 1188 1067 congruentes
1204 1019 1220 1065 ;
1271 1001 1364 1050 sed
1408 1004 1723 1067 spicularum
1767 1018 1905 1055 stru-

42 1082 189 1122 ctura
215 1069 312 1120 alia
337 1072 392 1119 in
419 1071 569 1119 aliam
603 1082 803 1137 partem
834 1071 1188 1138 divergentes.
1261 1071 1439 1120 Prima
1468 1072 1525 1120 in
1556 1074 1789 1123 sectione
1822 1077 1904 1124 in-

43 1140 317 1191 volucrum
355 1137 638 1188 unissorum
680 1151 790 1203 est,
846 1141 992 1207 calyx
1039 1139 1311 1207 higlumis,
1374 1138 1626 1191 flosculus
1674 1143 1904 1194 inferior

44 1211 306 1259 masculus
352 1209 610 1260 bivalvis:
659 1208 751 1258 has
807 1210 980 1276 itaque
1027 1210 1279 1259 Panica
1330 1211 1654 1260 Setarias
1710 1213 1904 1263 imitari

41 1278 184 1327 inter
233 1278 722 1328 Cenchroidea
759 1279 880 1342 (seu
918 1296 1046 1330 vere
1095 1280 1445 1340 insolucrata)
1501 1281 1758 1332 existimo.
1845 1286 1906 1332 [n

43 1346 272 1396 secunda
292 1346 569 1397 deficiente
605 1348 775 1413 gluma
804 1348 1064 1397 inferiore
1092 1349 1376 1415 uniglumis
1403 1350 1583 1415 prodit
1606 1352 1776 1418 calyx,
1816 1353 1911 1402 cui‘

43 1416 286 1482 opposita
315 1417 514 1467 valvula
538 1417 767 1465 inferior
799 1418 1073 1468 inferioris
1098 1417 1334 1475 flosculi,
1388 1420 1719 1485 superiorem
1761 1440 1904 1472 suam

42 1486 298 1534 valvulam
330 1503 552 1553 cumque
583 1486 764 1534 eadem
799 1499 850 1536 et
883 1489 1128 1554 genitalia
1157 1488 1381 1537 mascula
1424 1489 1710 1541 amittentis
1728 1509 1742 1554 3
1779 1490 1905 1541 ssos-

44 1555 191 1604 culus
244 1557 489 1620 superior
539 1557 797 1605 masculus
844 1557 1082 1623 persistit
1128 1559 1215 1607 vel
1261 1557 1752 1625 hermaphroditus:
1808 1561 1906 1611 hae

44 1622 220 1693 itaque
252 1625 441 1674 merito
469 1627 553 1674 Pa
569 1625 757 1690 spalo
774 1644 915 1675 rum
934 1628 1056 1677 loco
1089 1627 1230 1677 inter
1252 1626 1611 1678 Cenchroitlea
1629 1629 1907 1681 habentur.

178 1711 396 1777 Species
426 1711 741 1761 brasilianae
769 1712 818 1763 3.

177 1809 519 1870 Synopsis:
548 1817 598 1848 α·
637 1811 766 1866 calyx
808 1811 1065 1868 biglumis:
1099 1820 1167 1869 sp.
1205 1818 1243 1858 1.

536 1875 582 1924 β.
611 1881 744 1977 οᾶῖγὶ
770 1880 1056 1938 uniglumis3
1095 1880 1320 1925 flosculus
1357 1879 1568 1926 inferior
1595 1893 1772 1929 neuter
1800 1886 1904 1930 uni.

604 1950 663 1979 va
689 1936 785 1978 vis:
815 1951 887 1994 sp.
919 1942 1063 1984 2—5.

469 2048 517 2078 ο.
569 2030 778 2098 Calyx
837 2030 1191 2098 biglumis.
1242 2029 1354 2098 (sp.
1402 2029 1473 2093 ι.)

487 2184 527 2226 1.
576 2191 1064 2228 PENNISETUM
1118 2192 1379 2227 Bnssvn.
1427 2186 1457 2238 -1-

182 2272 240 2320 P.
278 2273 422 2339 spica
471 2275 703 2323 solitaria
753 2276 1011 2340 oblonga,
1065 2274 1285 2340 spiculis
1334 2277 1586 2327 solitariis
1629 2277 1908 2330 involucro

47 2339 204 2407 duplo
233 2342 596 2403 brevioribus,
634 2344 824 2410 glumis
860 2344 1006 2394 valde
1046 2343 1441 2411 inaequalibus,
1498 2347 1759 2396 inferiore
1798 2351 1908 2398 lan-

48 2412 276 2473 ceolata,
342 2409 565 2462 flosculo
619 2415 850 2463 masculo
903 2412 1154 2479 biglumi,
1229 2412 1375 2462 soliis
1427 2415 1713 2466 linearibus
1768 2419 1908 2469 facie

42 2480 252 2547 pilosis·

182 2567 524 2617 Pennisetum
561 2579 821 2630 setosum‚
861 2566 1043 2618 Raddi
1082 2569 1306 2637 Agr-ost.
1341 2568 1502 2622 Bros.
1532 2591 1589 2641 p.
1619 2575 1707 2624 50.
1740 2575 1904 2639 (ez-cl.

246 2645 466 2704 synon.)

185 2725 362 2775 Radix
390 2724 615 2784 fibrosa,
663 2725 872 2791 pallida.
949 2725 1117 2775 culmi
1157 2727 1272 2777 basi
1300 2728 1589 2778 subnodosi
1623 2742 1676 2780 et
1705 2733 1910 2800 vaginis

51 2792 304 2844 brevibus
331 2796 637 2844 lanceolatis
667 2795 828 2843 aridis
859 2795 1079 2861 aphyllis
1112 2798 1276 2846 laxius
1311 2798 1544 2860 obtecti,
1592 2803 1733 2866 13·—
1753 2820 1781 2851 2
1820 2821 1908 2869 pe-

53 2862 145 2910 des
179 2865 302 2923 alti,
339 2881 542 2930 pennae
578 2865 905 2914 columbinae
927 2866 1195 2929 crassitie,
1235 2867 1764 2936 tereti-compressi,
1805 2873 1913 2922 lae-

52 2948 170 2991 veS,
208 2934 404 3000 glabri,
441 2936 474 2984 5
578 2934 851 2991 6-nodes,
903 2935 966 2983 acl
993 2936 1164 2984 nodas
1198 2934 1451 2997 flexuosi,
1502 2957 1730 3004 superne
1754 2941 1808 2988 in
1831 2961 1910 2991 ra-

54 3018 168 3049 mos
202 3003 375 3051 divisi.
461 3003 689 3069 Vaginae
733 3003 1017 3052 inferiores
1059 3005 1356 3055 internodia
1397 3020 1708 3074 aequantes,
1760 3029 1910 3076 supe-

54 3069 227 3120 riores
267 3071 455 3120 iisdem
495 3071 804 3130 breviores,
843 3090 1208 3140 compressae,
1247 3075 1452 3125 hiantes
1475 3113 1488 3135 ,
1527 3078 1766 3138 striatam,
1807 3081 1912 3146 gla-

54 3137 213 3186 brae:
261 3141 528 3189 turionum
559 3141 861 3206 juvenilium
904 3144 1136 3210 margine
1174 3144 1405 3206 ciliatac;
1455 3148 1686 3195 culmeae
1722 3150 1908 3198 nudae.

57 3206 244 3271 Ligula
271 3222 497 3268 exserta,
536 3210 743 3268 breviS,
783 3221 1047 3271 truncata,
1096 3213 1513 3264 lacero-ciliata.
1589 3218 1735 3265 Folia
1773 3219 1910 3268 6-8

57 3275 281 3340 pollices
308 3277 493 3344 longa,
532 3280 902 3347 sesquilineam
931 3282 1056 3340 lata,
1095 3282 1342 3342 linearia,
1384 3286 1742 3345 canaliculata,
1782 3288 1911 3337 cari-

59 3355 207 3403 nata,
249 3345 429 3396 subtus
457 3349 658 3414 glabra,
708 3349 764 3397 in
788 3349 926 3400 facie
965 3352 1158 3400 sulcata
1197 3363 1248 3400 et
1276 3352 1398 3418 pilis
1430 3354 1707 3404 tuberculo
1747 3356 1909 3420 impo-

59 3412 173 3461 sitis
197 3414 466 3479 inspersa,
505 3417 569 3466 ad
609 3418 820 3483 ligulam
858 3419 1382 3486 barbulam-pilosa,
1433 3423 1688 3488 rigidula,
1740 3441 1912 3490 neque

54 3498 185 3536 vero
231 3481 443 3545 stricta,
499 3486 732 3556 margine
771 3488 977 3542 scabra:
1033 3490 1299 3543 turionum
1337 3491 1586 3544 breviora
1620 3503 1674 3543 et
1701 3492 1909 3545 subhir.
