2100 3882
293 165 642 214 Canu-mm.
715 162 1111 214 Anonopoeon.
1185 165 1664 216 Scmzacmmtm.
1817 168 1922 223 331

55 323 255 361 taceae:
321 310 548 359 inferior
581 309 741 357 dorso
788 310 1155 372 canaliculata‚
1210 313 1361 379 apice
1406 311 1597 374 bifida,
1651 311 1922 376 innervis,

51 381 233 432 nervis
276 379 551 446 duplicatis
607 377 867 427 viridibus
898 379 1100 444 apicem
1127 396 1312 431 versus
1341 383 1537 449 glabris
1567 395 1620 432 et
1643 382 1769 432 hinc
1799 382 1927 431 inde

55 450 274 513 ciliatis3
332 448 577 515 superior
620 457 769 495 acute
817 448 1075 510 carinam,
1127 462 1301 509 acuta,
1342 452 1406 500 ad
1443 453 1672 503 carinam
1715 451 1926 511 scabra,

55 520 361 578 uninervis,
401 515 725 582 marginibus
755 517 1152 567 membranacea
1190 530 1241 566 et
1282 520 1472 571 ciliata.
1560 522 1931 571 Flosculorum

55 591 291 637 valvulae
335 587 789 644 membranaceae,
830 586 1061 635 ciliatae:
1113 586 1389 638 inferioris
1428 591 1717 652 (neutrius)
1744 590 1928 650 unica,

54 657 385 725 longitudine
429 658 629 722 glumae
673 655 976 713 inferioris,
1015 657 1334 718 lanceolata,
1384 672 1556 722 acuta,
1602 661 1752 726 apice
1790 660 1928 708 inte-

60 744 155 794 gro
178 765 190 784 ‚
230 726 535 782 convoluta,
576 724 814 773 obsolete
843 725 1112 788 binervi53
1153 727 1473 792 superioris,
1508 728 1931 796 hermaphroditi

64 808 119 845 et
154 797 376 845 bivalvis
399 831 410 852 ‚
459 795 659 843 valvula
693 794 920 843 inferior
946 796 1262 854 lanceolata,
1313 799 1625 858 acuminata,
1682 816 1746 847 ex
1782 799 1933 865 apice

66 877 216 914 acute
267 864 431 913 bifido
483 864 735 929 setigera,
803 864 918 930 ipsa
965 864 1175 932 quidem
1230 865 1400 931 gluma
1451 869 1724 933 superiore
1775 868 1933 933 paulo

63 934 307 994 brevior,
349 932 443 982 sed
472 944 608 991 seta,
648 944 704 981 ut
737 933 978 992 diximus,
1013 934 1126 999 ipsa
1161 933 1320 1000 duplo
1354 936 1596 1002 longiore
1629 938 1932 997 terminata,

63 1004 363 1061 uninervis,
407 1002 652 1067 superior
687 1004 866 1068 plana,
906 1004 1119 1064 obtusa,
1177 1003 1337 1069 duplo
1382 1005 1603 1056 brevior
1641 1007 1933 1066 inferiore,

63 1072 292 1122 enervis.
364 1072 650 1122 Lodiculae
699 1073 873 1132 albae,
912 1072 1364 1133 membranaceae,
1404 1086 1708 1136 truncatae,
1750 1076 1805 1123 in
1844 1094 1936 1125 an-

60 1144 235 1209 gulum
277 1141 514 1207 plicatae.
602 1142 831 1191 Stamina
880 1143 1015 1201 tria,
1074 1142 1308 1191 antheris
1350 1144 1681 1194 aurantiacis.
1751 1145 1933 1193 Pistil-

62 1213 169 1260 lum
204 1222 499 1259 structurae
549 1211 751 1259 solitae.
789 1241 857 1248 -
895 1212 1106 1277 Spicula
1143 1212 1459 1278 pedicellata
1499 1213 1682 1262 itidem
1723 1212 1933 1263 bissora.

63 1283 249 1331 Gluma
290 1280 518 1328 inferior
565 1281 1162 1346 oblongo-lanceolata,
1204 1283 1523 1343 acuminata,
1562 1283 1799 1350 integra,
1852 1283 1935 1332 in-

63 1349 411 1417 aequilatera,
466 1349 733 1409 binervis,
784 1350 950 1399 altero
995 1351 1161 1399 latere
1201 1352 1391 1401 latiore
1419 1370 1650 1402 nervoso
1680 1354 1934 1411 -striato‚

61 1422 229 1469 altero
263 1419 689 1478 membranaceo,
748 1420 896 1485 apice
934 1420 1132 1469 ciliata:
1176 1422 1422 1487 superior
1468 1424 1935 1472 lanceolato-acu-

63 1490 283 1547 minata,
324 1488 580 1547 carinata,
619 1489 923 1548 uninervis,
981 1489 1191 1556 glabra,
1244 1492 1567 1558 marginibus
1612 1493 1937 1541 membrana-

66 1560 176 1609 ceis
204 1556 452 1608 flosculos
483 1559 818 1623 amplectens.
893 1559 1170 1609 Flosculus
1216 1560 1444 1610 inferior
1474 1574 1692 1621 neuter,
1734 1562 1938 1611 unival-

67 1628 179 1687 vis,
220 1627 423 1678 valvula
460 1627 804 1693 longitudinis
850 1629 1053 1693 glumae
1093 1629 1319 1694 oblonga
1358 1632 1627 1697 cuspidata
1659 1632 1941 1681 convoluta

70 1698 245 1747 ciliata
291 1696 563 1759 uninervi3
620 1698 867 1762 superior
913 1700 1204 1758 masculus,
1256 1700 1511 1760 bivalvis,
1561 1702 1767 1752 valvula
1803 1700 1941 1749 infe-

72 1767 217 1816 riore
250 1765 605 1832 magnitudine
635 1778 688 1816 et
712 1764 878 1832 figura
913 1767 1125 1816 omnino
1159 1769 1394 1819 valvulae
1420 1771 1688 1831 neutrius,
1729 1771 1814 1821 cui
1847 1787 1940 1836 op-

73 1837 273 1902 posita,
326 1836 602 1901 superiore
652 1836 870 1885 dimidio
906 1837 1159 1887 breviore
1193 1839 1485 1889 lanceolata
1521 1852 1697 1895 acuta,
1749 1841 1805 1889 in
1833 1840 1942 1891 val-

70 1907 190 1957 vula
218 1916 405 1955 neutra
432 1907 644 1954 latente.
719 1906 950 1955 Stamina
980 1907 1081 1956 tria
1105 1919 1162 1957 ut
1194 1908 1249 1956 in
1281 1908 1733 1977 hermaphrodito.

202 2009 428 2059 Habitat
465 2011 520 2061 in
555 2009 796 2060 Brasilia
833 2013 1167 2064 australiori.
1206 2020 1292 2081 74.
1364 2014 1618 2080 (Sellow.
1680 2041 1750 2054 —
1820 2014 1942 2066 Vidi

71 2082 126 2133 in
160 2077 327 2131 Herb.
358 2080 493 2150 Reg.
532 2079 748 2147 Berol.)

209 2188 492 2239 observ.
588 2189 694 2266 Qui
733 2191 962 2255 proximi
1008 2203 1127 2241 sunt
1171 2191 1760 2260 Andropogones,
1813 2193 1941 2242 ari-

76 2270 296 2309 status
348 2260 433 2307 Po
451 2260 525 2307 ir.
579 2272 633 2307 et
685 2259 836 2309 fure
854 2272 913 2309 at
931 2279 964 2308 u
984 2280 1006 2309 s
1058 2262 1403 2311 Mfihlenh.
1424 2299 1436 2319 ‚
1495 2261 1750 2311 differunt
1793 2263 1940 2311 foliis

72 2327 462 2393 angustioribus
490 2329 796 2395 vaginisqus
835 2330 1004 2378 minus
1033 2331 1238 2396 pilosis,
1280 2335 1539 2397 spicarum
1578 2349 1798 2381 numero
1837 2342 1941 2379 ter-

74 2398 222 2446 nario
272 2397 359 2447 vel
417 2398 749 2466 quaternario
811 2400 893 2448 axi
945 2399 1115 2449 minus
1162 2401 1403 2467 plumoso
1420 2437 1433 2460 ,
1501 2402 1720 2468 spiculis
1780 2417 1940 2468 angu-

73 2467 339 2517 stioribus.

609 2634 752 2677 XXX.
797 2632 1326 2683 SCHIZACHYRIUM.
1364 2640 1395 2692 ’ἰ-

280 2745 340 2810 (a
376 2743 539 2807 σχίζει),
577 2746 804 2814 findo,
856 2760 911 2801 et
946 2742 1132 2815 οἳχυςον,
1177 2750 1423 2820 palea.)

238 2855 451 2914 Char.
511 2874 801 2917 essent.
905 2857 1190 2939 Spiculae
1238 2860 1303 2917 in
1354 2858 1569 2917 rhachi
1622 2858 1940 2916 articulata

78 2936 412 3017 geminatae
463 2936 1088 2998 disticho-alternae:
1144 2941 1336 3000 altera
1373 2940 1632 3010 sessilis,
1676 2939 1936 3013 biflora3

80 3019 270 3076 altera
324 3017 690 3098 pedicellata
752 3022 1091 3080 tabescens.
1189 3023 1441 3080 Glumae
1487 3021 1756 3102 spiculae
1801 3041 1942 3100 per-

80 3099 277 3156 fectae
332 3100 516 3170 duae,
587 3104 909 3181 aequales,
978 3104 1167 3162 altera
1213 3103 1278 3161 bi
1305 3140 1328 3151 -
1374 3104 1561 3161 altera
1609 3101 1938 3159 uninervis.

81 3179 394 3237 Flosculus
453 3195 708 3262 uterque
758 3185 1083 3255 univalviS,
1140 3185 1389 3245 valvulis
1433 3183 1943 3242 membranaceisz

81 3260 359 3339 superior
391 3261 915 3345 hermaphroditus
935 3308 952 3336 ,
1007 3266 1241 3325 valvula
1271 3268 1349 3325 ad
1375 3266 1555 3323 basin
1579 3267 1706 3324 fere
1736 3265 1943 3344 bipar-

85 3342 235 3411 tita,
280 3340 520 3400 laciniis
568 3347 793 3412 strictis
808 3390 825 3418 ,
871 3349 1190 3428 interjecta
1221 3364 1349 3407 seta
1385 3341 1794 3427 (plerumque)
1815 3359 1942 3402 tor-

88 3422 182 3479 tili
233 3424 294 3480 in
337 3423 536 3482 medio
574 3429 946 3504 geniculata3
1004 3429 1261 3490 inferior
1304 3443 1517 3488 neuter
1563 3441 1667 3488 aut
1699 3445 1940 3483 mascu-

88 3502 212 3575 lus,
259 3503 492 3567 valvula
530 3505 763 3587 integra
799 3511 1140 3576 acuminata
1179 3511 1522 3575 convoluta.
1607 3504 1936 3572 Lodiculae
