2100 3882
638 189 993 239 GnAnmnAn.
1065 184 1273 236 Omns.
1790 186 1893 240 309

162 339 323 405 Olyra
361 335 685 396 ciliatifolia,
736 332 920 383 Raddi
953 332 1276 399 Agrostogr.
1306 327 1466 380 Bras.
1497 346 1552 398 p.
1594 346 1672 397 iq.

152 427 340 486 ,Culmi
376 426 489 475 basi
524 420 1198 487 subramoso-geniculati,
1253 437 1350 485 per
1395 420 1599 468 lentem
1641 414 1894 483 pilosius-

31 499 137 548 euli
172 509 259 546 aut
311 496 679 560 pubescentes.
764 491 914 540 Folia
958 488 1413 554 subbipollicaria,
1477 489 1592 539 fere
1638 485 1893 553 pollicem

26 569 161 627 lata,
219 566 559 615 crebrissime
616 561 834 620 striata,
894 560 1212 618 acuminata,
1269 558 1579 608 brevissime
1619 556 1921 623 petiolata,'

26 636 143 686 basi
189 636 352 684 latere
408 632 652 681 interiori
699 630 1006 684 rotundato,
1065 627 1321 676 exteriori
1369 626 1586 695 oblique
1628 637 1892 685 truncato,

26 707 266 772 margine
323 703 514 752 ciliata.
604 700 839 764 Vaginae
900 699 1145 758 striatae‚
1209 696 1451 762 glabrae,
1519 714 1612 746 ore
1666 696 1892 745 ciliatae.

26 774 278 824 Panicula
315 769 622 820 terminalis.
699 767 945 833 Spiculae
989 766 1250 815 masculae
1303 782 1647 827 numerosae,
1699 765 1894 815 foemi-

26 862 158 893 neae
185 842 510 892 terminales.
587 839 807 888 Glumae
846 853 1133 890 nervosae,
1186 834 1417 901 glabrae.
1500 835 1713 884 Corolla
1759 835 1892 893 alba,

27 914 228 980 pilosa,
285 910 543 966 coriacea.
616 907 840 957 Raddi
891 907 922 955 l.
982 923 1027 956 c.
1101 904 1385 954 Paniculae
1436 903 1490 952 in
1532 905 1682 969 apice
1732 906 1894 955 culmi

27 983 271 1052 geminae
297 996 456 1046 saepe
488 979 574 1029 vel
602 990 798 1027 ternae.

169 1085 368 1135 Crescit
400 1084 454 1133 in
480 1084 706 1133 saltibus
733 1082 984 1131 montosis
1013 1089 1062 1129 et
1101 1080 1310 1148 sepibus
1351 1097 1519 1146 prope
1562 1078 1664 1130 Rio
1711 1080 1774 1129 de
1802 1079 1888 1130 Ja-

23 1157 203 1216 neiro,
243 1174 339 1204 nec
369 1173 474 1204 non
503 1154 554 1202 in
597 1152 883 1202 lilontibus
905 1148 1196 1203 Estrellae.
1268 1148 1508 1214 (Haemi,
1547 1151 1760 1213 ΖὶῙαΓῙ.)
1812 1163 1889 1221 ᾋ,

29 1224 206 1276 Floret
240 1225 486 1284 Octobri,
529 1223 833 1274 Novembri.

519 1393 563 1435 9.
610 1397 847 1433 OLYRA
891 1397 1400 1433 FLORlBUNDA.

129 1513 228 1562 ·O.
279 1509 428 1558 foliis
477 1507 725 1576 oblongis
774 1508 1148 1575 subpetiolatis
1204 1507 1412 1556 obtusis
1456 1507 1732 1572 apiculatis
1777 1506 1891 1557 basi

25 1580 357 1631 subcordatis
385 1577 598 1637 ciliatis,
636 1579 940 1645 vaginarum
966 1577 1295 1643 marginibus
1312 1577 1744 1643 pubescentibus,
1784 1578 1894 1645 spi·

25 1651 156 1698 culis
204 1648 450 1696 masculis
505 1648 872 1696 terminalibus
915 1647 1267 1714 paniculatis,
1338 1646 1622 1696 foemineis
1656 1647 1709 1694 in
1746 1661 1895 1696 race-

26 1721 124 1768 mis
162 1718 465 1767 axium-ibus
496 1717 781 1768 distinctis,

162 1806 323 1870 Olyra
351 1803 682 1866 floribunda,
722 1803 905 1853 Radalo·
938 1805 1161 1868 Agrost.
1198 1802 1357 1853 Erus.
1394 1822 1449 1870 p.
1492 1820 1574 1854 20.

162 1893 364 1944 Raddia
394 1893 754 1955 brasiliensis,
793 1891 949 1943 Hert.
981 1893 1032 1941 in
1072 1892 1266 1961 Opzzsc‘.
1300 1890 1525 1961 scientg‘f.
1556 1892 1610 1940 di
1641 1889 1892 1960 Bologna

238 1965 383 2027 1819.
433 1959 581 2011 Tom.
616 1960 722 2011 III.
753 1982 808 2030 p.
847 1973 932 2024 40.

163 2052 333 2101 Culmi
370 2052 671 2118 caespitosi.
722 2052 873 2101 Folia
901 2051 1152 2118 pollicem
1181 2051 1244 2100 ad
1275 2049 1684 2118 sesquialterum
1716 2051 1892 2116 longa,

24 2121 139 2170 fere
167 2118 557 2184 'semipollicem
587 2121 724 2182 lata,
778 2121 1035 2186 oblonga,
1090 2121 1303 2180 obtusa,
1357 2120 1576 2186 oblique
1623 2121 1896 2170 rostellata

26 2190 108 2239 vel
156 2191 431 2254 apiculata.
514 2191 702 2240 Flores
747 2192 968 2238 masculi
1020 2192 1074 2238 in
1126 2189 1367 2255 panicula
1418 2189 1713 2249 terminali,
1770 2207 1892 2239 raro

26 2261 260 2321 axillari3
312 2259 566 2307 foeminei
616 2261 670 2307 in
710 2261 935 2308 racemis
982 2259 1289 2307 axillaribus
1341 2258 1601 2306 distincti.
1671 2259 1893 2308 Masculi

25 2330 230 2396 glumae
287 2330 638 2387 acuminatae,
704 2329 1039 2395 inaequales,
1111 2329 1348 2393 margine
1404 2327 1639 2389 ciliatae3
1700 2327 1894 2376 foemi-

27 2399 117 2446 nei
168 2398 376 2463 glumae
434 2397 767 2465 inaequales,
830 2398 1100 2457 hirsutae,
1155 2398 1354 2461 majore
1395 2395 1555 2464 longe
1601 2397 1893 2446 acuminata

27 2468 110 2516 vel
168 2468 750 2516 acuminato-aristam.
802 2495 868 2502 —-
919 2467 1090 2532 Stylus
1143 2478 1195 2516 et
1237 2467 1478 2532 stigmata
1534 2477 1652 2513 sunt
1690 2466 1890 2524 eadem,

27 2555 159 2603 quac
187 2538 241 2584 in
273 2536 554 2601 speciebus
579 2537 1038 2603 praecedentibus,
1080 2548 1132 2584 et
1160 2547 1215 2584 ut
1242 2553 1300 2583 ea
1323 2535 1664 2584 describitD.
1689 2537 1890 2584 Swartz

24 2607 79 2653 in
119 2605 544 2664 characteribus,
600 2608 662 2656 ab
695 2623 758 2654 eo
793 2605 918 2654 huic
960 2607 1146 2671 generi
1188 2605 1498 2671 assignatis,
1540 2605 1573 2650 i.
1611 2622 1656 2653 e.
1732 2606 1886 2668 „Sty—

26 2676 105 2724 lus
141 2676 433 2740 capillaris,
487 2687 634 2724 extra
675 2675 903 2724 valvulas
942 2675 1152 2723 bifidus.
1230 2676 1486 2738 Stigmata
1526 2674 1723 2741 longa,
1776 2675 1889 2739 plu-

26 2763 200 2801 mosa,
241 2744 440 2803 albida,
479 2744 672 2811 patula.
745 2745 964 2793 Raddi
1002 2746 1032 2792 l.
1076 2764 1119 2793 c.
1786 2791 1791 2795 .

161 2829 360 2879 Crescit
393 2831 463 2879 ad
493 2832 698 2881 radices
735 2829 952 2880 filonlc's
983 2829 1321 2880 Corconado,
1373 2847 1467 2878 nec
1497 2829 1628 2878 alibi
1653 2830 1885 2879 inventa.

159 2920 452 2971 Observ.
522 2924 606 2970 De
637 2923 734 2972 hac
772 2922 979 2987 specie,
1021 2922 1086 2969 ad
1121 2920 1590 2976 Lithachnas,
1629 2920 1768 2968 Pal.
1812 2921 1887 2968 de

21 2993 279 3047 Beauv.,
322 3005 441 3038 cum
479 2990 683 3055 Olyra
719 2990 992 3057 paucifi
1019 3008 1132 3038 ora
1171 2991 1283 3039 Sw.
1323 2989 1633 3049 referenda,
1673 3001 1887 3057 praeter

22 3058 184 3109 verba
226 3059 490 3109 Reddiana
529 3060 661 3109 nihil
699 3072 972 3125 superest,
1017 3059 1154 3128 quod
1191 3059 1504 3107 adferamus.
