2100 3882
600 156 950 205 Grannum-ua.
1020 158 1309 206 Pispims.
1829 163 1897 214 '75

25 303 79 354 in
100 304 223 355 Var.
249 310 300 357 β.
333 302 543 368 glabra;
597 304 846 368 superior
883 304 1063 370 plana,
1102 305 1315 371 glabra3
1353 307 1596 374 (utraque
1634 307 1892 375 quinque-

26 373 235 431 nervis‚
273 373 452 422 nervis
484 373 790 422 lateralibus
823 373 876 421 in
901 375 1180 439 superiore
1209 375 1382 442 gluma
1419 377 1801 442 approximatis
1832 378 1895 427 ad

25 442 283 508 marginis
328 440 628 498 flexuram).
716 442 995 492 Flosculus
1035 444 1370 509 longitudine
1407 447 1732 513 glumarum,
1789 449 1895 497 val-

22 511 160 563 vulis
192 510 598 561 ssavescentibus
632 511 836 561 nitidis.

167 613 390 665 Habitat
422 636 466 665 a.
507 625 555 664 et
587 624 634 669 [3.
675 616 727 665 in
758 615 1005 666 Brasilia
1043 618 1358 668 mzstraliori
1395 626 1459 677 (oe.
1498 619 1611 672 Ser.
1638 616 1895 690 Princeps

25 681 451 734 Ilffaximilianus
499 685 891 752 Neocz'densz'S.)
947 697 994 741 β.
1050 685 1265 738 Sellocc.
1311 691 1429 740 Vidi
1461 691 1514 741 in
1549 691 1711 742 Herb.
1757 692 1895 762 Reg.

22 751 207 807 Berol.

166 841 452 892 Observ.
493 847 531 895 Ι.
602 844 830 893 Maxime
884 844 1064 893 affinis
1125 859 1200 895 est
1263 851 1559 913 Paspalo
1600 852 1897 919 virgato,

31 913 319 980 praecipue
358 913 511 978 hujus
552 914 795 962 varietati
828 910 867 965 ἓ.
897 916 1520 982 W⁷illdcnowiano3
1561 922 1752 971 differt
1774 941 1903 972 vero

33 983 348 1047 praesertim
393 983 597 1048 vaginis
630 984 908 1049 papillosis
934 1023 945 1044 ‚
989 1005 1120 1052 qvae
1159 989 1213 1035 in
1244 988 1489 1037 omnibus
1544 992 1603 1038 P.
1647 993 1905 1059 virgati

36 1052 279 1116 genuinis
317 1053 659 1100 varietatibus
711 1055 791 1102 vel
842 1056 1059 1104 omnino
1108 1056 1284 1105 laeves
1329 1070 1575 1124 repertae
1622 1075 1767 1120 sunt,
1819 1064 1906 1112 vel

35 1120 168 1170 adeo
210 1121 271 1168 ad
305 1124 570 1187 margines
616 1134 815 1170 tantum
848 1125 1368 1190 papilloso—hirtae‚
1427 1129 1703 1179 vacillante
1751 1133 1903 1196 quasi

34 1189 176 1238 inter
217 1202 493 1259 utramque
533 1193 766 1257 speciem
808 1204 991 1243 natura
1029 1214 1207 1244 rerum
1249 1200 1631 1262 procreatrice.
1683 1203 1722 1249 A
1750 1205 1903 1249 Pas-

30 1260 190 1324 palo
230 1261 624 1327 coryphaeo
669 1265 818 1313 Trin.
864 1264 1047 1315 differt
1091 1267 1310 1333 spiculis
1354 1268 1578 1319 dimidio
1613 1271 1903 1336 majoribus

29 1327 423 1399 rhachibusque
463 1331 650 1398 planis-

177 1435 458 1487 Observ.
500 1442 561 1488 ΙΙ.
635 1440 884 1490 varietas
920 1448 996 1500 A,
1052 1459 1186 1509 quae
1226 1445 1286 1491 P.
1334 1444 1716 1495 latifoliam
1759 1449 1900 1513 Spr.,

38 1519 157 1552 cum
196 1508 443 1572 exemplo
476 1510 707 1575 genuino
744 1513 804 1559 P.
847 1512 1207 1577 conspersi
1248 1513 1498 1573 Schrad.‚
1549 1516 1591 1563 si
1645 1519 1905 1584 magnitu-

38 1575 218 1623 dinem
286 1586 338 1624 et
388 1578 613 1644 glumam
669 1579 935 1630 dorsolem
1008 1582 1241 1647 glabram
1297 1584 1532 1649 excipias
1578 1585 1641 1633 ad
1705 1606 1907 1636 amaus-

37 1644 138 1693 sim
181 1648 440 1711 congruit.
524 1649 934 1698 Pubescentiam
990 1663 1164 1700 autem
1220 1652 1536 1701 valvularum
1579 1656 1635 1703 in
1664 1657 1748 1706 his
1784 1674 1905 1723 spe-

38 1713 247 1774 ciebus,
308 1734 441 1783 quae
489 1719 550 1767 ad
600 1722 967 1786 Paspalum
1026 1722 1365 1787 virgatum
1405 1735 1456 1772 et
1493 1725 1714 1775 densum
1754 1745 1906 1776 acce-

35 1782 188 1842 dunt,
226 1785 310 1834 vel
342 1786 396 1834 in
433 1790 618 1838 eodem
642 1791 910 1840 racemulo
949 1790 1134 1840 adesse
1170 1792 1225 1840 in
1269 1792 1387 1841 aliis
1435 1793 1663 1863 aliisque
1715 1798 1907 1848 deesse

38 1854 255 1922 spiculis
274 1891 289 1916 ,
321 1860 655 1927 experientia
683 1872 905 1912 constat.

545 2069 614 2112 59-
670 2045 1035 2112 PASPA'LUS
1097 2079 1396 2116 DENSUS.

184 2181 244 2231 P.
278 2185 504 2233 racemis
531 2189 982 2237 numerosissimis
1012 2192 1269 2240 confertis
1288 2229 1303 2253 ,
1342 2193 1527 2242 rhachi
1551 2193 1705 2261 plana
1735 2195 1912 2260 spicu-

47 2247 212 2299 larum
242 2255 622 2318 geminatarum
653 2258 933 2307 latitudine
971 2261 1210 2327 margine
1247 2263 1446 2327 pilosa,
1499 2264 1689 2332 glumis
1725 2263 1913 2313 subro-

44 2320 219 2369 tundis
259 2323 551 2372 subremsis
599 2328 834 2393 undique
886 2328 1080 2394 glabris
1132 2331 1487 2394 trinervihus‚
1547 2334 1699 2383 foliis
1738 2333 1913 2401 planis

42 2390 275 2454 margine
309 2393 648 2443 scaberrimis
687 2397 1001 2467 vaginisque
1031 2399 1248 2464 glabris.

176 2498 455 2563 Paspalum
487 2500 735 2561 densum,
775 2499 921 2555 Polr.
971 2501 1108 2552 EnC.
1148 2504 1307 2556 metlz.
1351 2506 1408 2555 V.
1442 2526 1498 2574 ρ.
1540 2507 1623 2557 32.

183 2569 436 2635 Paspalus
480 2570 705 2631 densus,
761 2569 971 2639 Flz'igge
1000 2572 1264 2643 Ilffonogr.
1300 2595 1355 2643 p.
1401 2580 1512 2627 180.
1542 2577 1611 2626 R.
1643 2587 1694 2627 et
1711 2574 1832 2627 Sch.
1859 2576 1912 2628 S.

261 2639 319 2690 V.
363 2637 438 2689 Il.
479 2658 535 2706 J).
589 2641 706 2690 313.
755 2642 943 2706 (ezel.)
982 2645 1206 2709 Paspalo
1245 2647 1530 2713 longisolio
1563 2647 1772 2710 Ronn,
1830 2648 1918 2698 isti

248 2709 301 2757 in
345 2707 534 2758 Il‘lcmt.
581 2708 658 2758 II.
698 2730 753 2777 p.
810 2715 915 2775 175.
952 2713 1250 2781 adscripto,
1302 2735 1455 2783 quem
1498 2717 1914 2768 diversissimum

246 2780 590 2847 cognovimns
626 2799 653 2829 e
684 2782 1112 2848 specimininibns
1155 2785 1468 2849 javanicis.)

188 2869 442 2935 Paspalus
490 2869 836 2935 Millegrarm,
877 2868 1108 2932 Schrad„
1138 2870 1342 2923 Schult.
1370 2872 1561 2924 Edant.
1589 2874 1662 2924 II.
1698 2895 1755 2943 ρ.
1802 2879 1915 2943 ¹75·

185 2960 243 3007 P.
290 2958 523 3023 virgatus
558 2966 606 3010 β.
631 2958 966 3009 Linnaeanus
989 2998 1001 3019 ‚
1034 2959 1216 3010 Raddi
1247 2962 1473 3029 Agrost.
1504 2961 1681 3014 Basil.
1705 2984 1762 3032 ρ.
1794 2982 1878 3032 29.

188 3043 413 3095 Habitat
452 3045 504 3094 ἱη
544 3045 864 3113 graminosis
917 3047 1075 3097 callis
1110 3049 1426 3117 provinciae
1465 3048 1750 3103 Bahiensis
1788 3072 1915 3120 pas-

49 3114 172 3173 sim,
232 3114 569 3179 (Martius.)
632 3141 700 3150 -
750 3116 803 3165 in
853 3115 1065 3186 Campis
1107 3119 1449 3186 generalibus
1503 3139 1672 3187 prope
1742 3122 1914 3187 Γαῖος

50 3182 525 3245 (Maximilicmns,
590 3183 772 3236 Princ.
823 3185 1239 3251 Neouiclensis.),
1302 3188 1424 3237 aliis
1486 3190 1539 3238 in
1593 3190 1723 3240 locis
1773 3191 1913 3240 Bra-

51 3251 227 3312 sibae,
260 3272 427 3319 prope
468 3253 572 3305 Rio
604 3253 939 3305 Jnlmmc'rim.
990 3257 1208 3313 <Hadria
1255 3290 1323 3298 --
1366 3257 1601 3324 -Mihan,
1655 3261 1708 3310 in
1747 3260 1912 3314 Herb.

58 3318 209 3375 Trin.
240 3350 307 3359 -
332 3320 548 3376 Sellow.
584 3354 652 3363 —·
698 3325 811 3374 Vid.
850 3326 900 3375 in
928 3325 1093 3378 Herb.
1127 3327 1263 3397 Reg.
1293 3326 1504 3393 Berol.)
1566 3339 1645 3394 Ἀ..

194 3409 477 3471 Observ.
517 3416 554 3462 I.
611 3415 770 3463 Certe
800 3417 883 3464 Pa
907 3417 1094 3482 spalo
1131 3418 1411 3485 virgato
1448 3419 1736 3485 proximus,
1767 3417 1913 3483 cujus

53 3478 177 3528 Var.
214 3487 273 3546 β.
322 3481 355 3528 S
373 3497 399 3529 c
414 3481 449 3528 h
465 3502 491 3530 r
508 3500 535 3531 e
552 3482 584 3531 b
600 3500 628 3532 e
642 3483 740 3532 ria
758 3502 792 3532 n
805 3504 839 3532 u
853 3503 904 3532 m
968 3485 1254 3550 plurimum
1304 3488 1474 3538 refert
1489 3526 1502 3549 ‚
1569 3489 1656 3538 vel
1691 3488 1915 3555 spiculis

53 3548 220 3615 magis
267 3552 561 3601 rotundatis
575 3589 592 3614 9
654 3552 729 3600 uti
773 3569 837 3602 ex
889 3555 1157 3606 Herbario
1202 3557 1491 3607 Schreheri
1549 3558 1918 3624 cognovimus,
