2100 3882
857 101 1216 152 Gnmmmn.
1948 114 1984 164 7

251 251 500 311 Plantae
566 251 960 332 culmigerae‚
1042 252 1211 312 soliis
1270 254 1599 313 convoluto
1629 287 1658 303 -
1682 257 1971 336 vaginan-

59 359 268 420 tibus.
514 360 516 362 ’

250 575 666 634 Character
722 574 1123 634 naturalis.
1234 576 1504 636 Flores
1565 580 1963 663 hermaphro-

83 683 226 754 diti,
295 683 491 740 rarius
532 683 787 741 (liclines
830 682 1102 741 monoici
1139 682 1231 743 vel
1269 683 1457 743 dioici
1501 687 1961 769 vel'sspolygami,

82 792 145 848 in
188 792 574 849 locustam
618 813 724 849 seu
768 789 1143 870 spiculam
1185 789 1491 871 dispositi.
1568 796 1823 876 Spicula
1866 822 1964 857 ex·-

68 913 316 956 rstructa
368 920 400 956 e
456 899 689 979 spathis
746 921 851 957 seu
905 897 1171 955 bracteis
1229 899 1509 959 distichis
1524 944 1541 971 ,
1611 907 1963 984 vaginarum

76 988 367 1064 foliorum
422 1008 597 1065 valdo
656 1020 1107 1065 contractarum
1161 1020 1220 1063 et
1262 1023 1437 1087 parte
1478 1009 1743 1070 foliacea
1785 1018 1960 1096 peni-

74 1130 170 1173 tus
201 1130 542 1184 exutarum,
589 1117 714 1186 vel,
759 1116 1016 1171 maxime
1060 1135 1131 1171 ea
1174 1116 1519 1187 immutata,
1568 1141 1600 1176 e
1633 1144 1960 1184 nervorum

55 1224 506 1304 :conjunctione
564 1225 658 1281 vcl
711 1223 897 1280 medii
949 1223 1120 1282 nervi
1176 1223 1580 1284 dissolutione
1624 1230 1959 1308 apiculata-

70 1354 233 1401 rum,
282 1332 700 1409 setigerarum,
749 1331 1137 1388 aristatarum
1175 1331 1338 1390 vices
1375 1335 1725 1410 gerentibus
1739 1360 1759 1414 5
1815 1340 1953 1400 aliis

70 1439 587 1519 inferioribusque
629 1440 825 1497 rarius
872 1439 1197 1512 solitariiS,
1257 1440 1617 1523 plerumque
1674 1447 1950 1523 geminis,

68 1547 390 1604 rarissime,
448 1547 724 1628 pluribus
789 1548 1098 1607 sterilibus
1181 1546 1581 1628 (glumis),
1677 1555 1949 1636 reliquas

65 1652 200 1712 basi
242 1655 609 1735 stipantibus
657 1677 1016 1736 semperque
1060 1657 1600 1737 imparinervihus3
1649 1676 1778 1721 tum
1809 1666 1946 1725 aliis

67 1760 439 1837 (valvulis
495 1759 892 1841 flosculi),
972 1765 1172 1843 iisque
1216 1765 1309 1823 vel
1352 1767 1675 1841 solitariis,
1747 1774 1839 1833 vel
1883 1775 1951 1837 in

63 1870 373 1951 plerisque
417 1873 600 1931 etiam
641 1873 927 1951 geminis,
975 1873 1182 1953 specie
1227 1873 1676 1956 suboppositis,
1740 1901 1806 1938 re
1841 1903 1946 1939 au-

63 1993 187 2037 tem
227 2002 370 2040 vera
412 1981 630 2051 altera,
677 2001 834 2060 quae
880 1980 1065 2039 dorso
1104 1982 1241 2038 axin
1277 1983 1534 2040 rhachin
1569 2002 1825 2066 spectat,
1872 2013 1945 2048 ex

61 2089 369 2148 inferioris
417 2089 596 2146 axilla
653 2089 888 2146 oriente
947 2104 1008 2146 et
1063 2088 1198 2147 sola
1253 2105 1460 2171 partes
1505 2094 1798 2171 genitales
1844 2098 1938 2156 fo-

58 2211 268 2272 ventc5
316 2219 470 2276 quae
514 2219 652 2254 cum
693 2197 911 2255 abortu
954 2196 1271 2268 deficiant,
1315 2221 1459 2279 pars
1506 2202 1622 2259 ista
1665 2204 1937 2284 spiculae

55 2320 271 2362 neutra
314 2306 671 2384 appellatur.
787 2305 1041 2363 Constat
1084 2306 1269 2383 igitur
1309 2308 1622 2387 spicula
1664 2314 1934 2389 grami-

53 2413 170 2469 nis
214 2434 245 2469 e
289 2413 490 2490 gluma
531 2412 623 2471 vel
667 2411 941 2489 glumis
987 2407 1345 2490 (calycinis)
1399 2416 1928 2496 aniplectentibu5‚

52 2533 112 2577 ct
153 2520 556 2590 floscuIiS,
583 2556 665 2566 —-
720 2519 982 2588 neutris,
1026 2521 1343 2593 masculis,
1390 2523 1746 2596 foemineis,
1794 2529 1928 2586 her-

50 2627 450 2706 maphroditis
470 2650 488 2702 3
533 2649 645 2708 per
686 2627 953 2705 singulas
999 2628 1264 2708 spiculas
1300 2630 1580 2690 discretis
1616 2635 1708 2693 vel
1746 2637 1928 2694 etiam

51 2734 213 2793 varia
242 2734 478 2791 ratione
513 2736 748 2804 mixtis,
797 2735 1198 2794 solitariis
1241 2737 1732 2817 pluribusve,
1781 2761 1924 2804 tunc

50 2841 143 2899 axi
186 2842 530 2900 alternatim
571 2843 873 2922 impositis
919 2844 1184 2924 (spicula
1225 2846 1918 2930 unissora-multissora),

45 2949 536 3010 univalvibus
581 2951 690 3008 sed
728 2949 1105 3031 frequentius
1149 2952 1615 3027 bivalvilnis,
1686 2961 1921 3020 valvula

44 3057 324 3114 infcriori
378 3058 592 3135 glumis
650 3059 939 3136 analoga,
1013 3081 1250 3139 semper
1301 3062 1720 3142 imparinervi,
1794 3090 1918 3125 am-

44 3164 350 3244 plectente
405 3166 778 3250 superiorem
832 3167 1226 3248 (spathellam
1281 3169 1498 3250 Tui-p.)
1558 3173 1926 3254 plerumque·

45 3272 450 3351 parinervem,
498 3275 691 3333 rarius
736 3275 815 3333 ad
857 3276 1123 3356 speciem
1165 3276 1658 3358 imparincrvem,
1700 3306 1912 3364 ¹quam

49 3380 380 3436 clarissimi
412 3381 522 3439 vir-i
563 3385 775 3452 B·row
791 3405 833 3439 11
877 3398 937 3441 et
978 3384 1271 3464 Turpin
1313 3407 1384 3442 ex
1427 3385 1587 3446 binis
1630 3389 1911 3449 bracteo-

45 3486 122 3545 lis
166 3509 205 3545 ει·
234 3488 423 3546 latere
458 3490 759 3570 oppositis
795 3489 1285 3571 marginibusque
1319 3493 1711 3554 interioribus
1743 3497 1914 3576 junc-
