2100 3882
626 162 976 212 GRAMHOEAE.
1052 155 1319 209 PAu'icum.
1811 157 1911 211 123

1903 251 1907 269 l

47 328 148 382 que
190 311 372 361 striata
395 345 407 369 ‚
447 326 604 376 supra
645 308 824 375 glabra
847 344 860 368 ,
900 307 1111 357 inferne
1139 309 1193 356 in
1229 307 1455 357 surculis
1501 304 1742 355 novellis·
1770 306 1912 374 circa

47 381 313 448 margines
365 379 491 445 pilis
545 380 796 444 adspersa
835 394 863 425 e
901 376 1191 426 tuberculis
1229 375 1648 442 prodeuntibus,
1706 374 1915 423 eadem-

45 467 149 518 que
181 450 418 515 margine
450 448 628 497 ciliata
652 485 664 507 ,
707 447 762 495 in
792 446 965 495 culmo
999 446 1179 512 glabra
1207 448 1553 513 margineque
1576 443 1763 494 setulis
1803 461 1917 494 ser·

45 531 186 582 rata,
227 520 365 568 laete
412 518 623 575 viridia.
697 516 918 582 Ligulae
976 515 1099 564 loco
1156 516 1373 581 crepida
1435 515 1656 563 linearis
1718 514 1917 564 ciliata.

50 590 209 656 Spica
256 586 552 636 terminalis
596 597 840 643 exserta,
890 594 1191 642 contracta,
1255 601 1282 632 e
1319 584 1631 649 partialibus
1674 583 1917 649 pluribus

16 653 26 665 ²
48 658 211 718 3—-4
247 657 470 723 pollices
514 656 689 721 longis
730 655 951 717 erectis,
983 653 1177 702 infimis
1210 655 1475 720 oppositis
1504 654 1727 721 reliquis
1757 654 1919 701 alter-

50 727 166 786 nis,
205 725 518 791 composita.
558 724 788 774 Rhachis
810 728 1103 773 communis
1130 734 1183 772 et
1206 723 1461 788 partiales
1490 724 1732 789 glabrae,
1773 739 1922 772 com-

47 813 264 863 pressae
288 833 300 855 ,
340 795 464 843 hinc
500 812 766 844 convexae
795 794 1008 842 striatae
1031 830 1042 852 ,
1084 792 1252 841 altero
1291 793 1457 841 latere
1486 793 1742 842 bisulcae.
1797 792 1919 858 Spi-

48 867 195 914 culae
231 865 529 913 mediocres
570 864 866 922 secundae,
907 863 968 911 ad
1006 862 1157 911 basin
1195 862 1462 928 spicarum
1499 863 1798 925 partialium
1838 863 1922 910 in-

48 935 305 984 feriorum
347 935 399 981 in
434 933 719 981 rhachibus
755 933 990 998 propriis
1020 932 1273 981 brevibus
1303 931 1472 997 planis
1498 931 1775 981 hirsutulis
1812 932 1922 996 spi-

50 1015 197 1052 catae
219 1041 231 1062 ‚
271 1003 333 1052 ad
359 1003 566 1070 apicem
599 1020 780 1051 earum
833 1015 885 1051 et
916 1005 970 1050 in
1003 1002 1162 1049 ramis
1205 1002 1395 1050 mediis
1429 1001 1586 1049 binae
1623 1003 1704 1051 vel
1736 1013 1920 1050 ternae

48 1073 391 1123 fasciculatae
417 1073 665 1133 sessiles,
721 1073 777 1120 in
815 1071 1078 1138 supremis
1119 1071 1350 1138 denique
1389 1069 1659 1118 solitariae
1690 1082 1742 1119 et
1768 1071 1922 1136 pedi-

50 1143 185 1192 cello
221 1141 375 1190 brevi
420 1143 627 1190 hirsuto
674 1142 916 1200 innatae,
978 1157 1238 1198 cernuae,
1296 1140 1600 1206 ellipticae,
1658 1140 1925 1189 obtusius-

49 1212 233 1271 ‘culae,
295 1211 650 1261 laeviusculae
711 1222 763 1259 et
815 1210 1064 1276 glabrae,
1126 1209 1356 1269 nitidae,
1414 1221 1560 1258 extus
1606 1210 1923 1278 plerumque

47 1292 509 1347 purpurascentes,
601 1280 758 1345 Calyx
798 1279 1078 1347 biglumis.
1148 1281 1322 1346 gluma
1386 1279 1651 1328 inferiore
1720 1280 1924 1345 spicula

51 1351 218 1400 multo
251 1351 503 1399 breviore
530 1361 679 1398 ovata
716 1361 864 1398 acuta
894 1348 1141 1398 uninervi
1162 1385 1174 1408 ,
1229 1349 1509 1415 superiore
1549 1349 1807 1413 spinulam
1837 1368 1925 1399 ae-

51 1430 244 1488 quante
292 1432 445 1469 ovato
474 1448 495 1457 -
525 1419 761 1483 elliptioa
815 1419 1178 1468 obtusiuscula
1224 1435 1452 1468 concava
1507 1419 1922 1486 quinqus=nervi.

51 1489 276 1539 Masculi
310 1488 520 1538 flosculi
564 1489 762 1538 valvula
802 1488 1033 1537 inferior
1065 1489 1272 1554 gluinae
1323 1488 1588 1554 superiori
1633 1490 1921 1550 simillima,

54 1560 291 1617 acutior,
330 1558 621 1625 itidemque
665 1559 1112 1625 quinquenervisz
1152 1558 1250 1606 hae
1299 1556 1450 1607 floris
1493 1570 1674 1625 partes
1716 1570 1923 1621 tenues,

51 1628 520 1687 membranaceae,
573 1627 815 1694 glabrae,
862 1629 1039 1677 nitore
1081 1627 1298 1695 pingui,
1337 1629 1453 1693 plus
1487 1629 1728 1678 minusve
1764 1628 1929 1678 suffu-

54 1715 142 1747 sae
188 1714 456 1763 purpura3
505 1698 753 1763 superior
802 1698 1021 1746 masculi
1070 1698 1275 1746 valvula
1325 1698 1928 1764 oblongo-lanceolata,

54 1767 319 1817 inferiore
342 1767 498 1832 paulo
537 1766 780 1833 longior,
837 1769 988 1832 apice
1035 1784 1460 1834 purpurascens,
1511 1778 1617 1816 tota
1668 1771 1930 1818 membra-

56 1854 234 1886 nacea.
318 1836 586 1885 Antherae
640 1839 1168 1904 fusco—purpureae.
1255 1837 1743 1902 Hermaphroditus
1796 1857 1932 1888 mas-

56 1907 174 1961 culo
207 1905 363 1972 paulo
398 1907 647 1966 brevior,
698 1906 959 1965 albicans,
1011 1907 1416 1972 cartilaginem,
1470 1908 1674 1957 valvula
1707 1920 1931 1977 utraque

58 1976 292 2040 elliptica
344 1977 685 2024 transversim
729 1977 979 2042 rugulosa
1020 1977 1230 2043 glabra,
1279 1976 1543 2026 inferiore
1590 1979 1930 2043 superiorem

58 2045 400 2112 amplexante.
474 2045 744 2094 Antherae
774 2046 956 2114 quales
996 2046 1049 2094 in
1092 2046 1343 2096 masculo.
1431 2047 1683 2112 Stigmata
1726 2067 1929 2117 magna,

60 2125 290 2165 saturate
323 2131 606 2181 purpurea.
682 2116 972 2182 Caryopsis
1012 2117 1282 2183 elliptica,
1322 2116 1545 2178 obtusa,
1585 2120 1933 2170 transversim

59 2184 338 2251 rugulosa,
378 2183 603 2250 pallida,
644 2186 920 2235 corticata.

200 2268 424 2318 Habitat
459 2270 512 2318 in
543 2270 715 2338 sylvis
739 2269 1041 2336 adflumen
1061 2271 1423 2337 Amazonum,
1468 2292 1641 2342 prope
1683 2274 1845 2325 Coari
1882 2286 1935 2326 et

60 2337 192 2388 alibi
224 2339 277 2388 in
307 2339 587 2405 provincia
620 2339 889 2390 Fluminis
923 2342 1082 2409 stig-ri
1119 2352 1169 2390 et
1203 2341 1496 2403 Paraensi,
1561 2339 1711 2411 ripae
1745 2364 1935 2396 areno-

60 2427 150 2458 sae
179 2407 373 2457 incola.
433 2408 578 2470 (ΥΠ.)
634 2407 818 2460 Floret
846 2411 912 2459 ab
941 2410 1160 2459 Octobri
1185 2412 1237 2460 in
1266 2412 1618 2462 Decetvzbrettz
1652 2433 1834 2481 usque.
1866 2449 1936 2458 —

62 2476 238 2541 Prope
269 2477 323 2525 la
357 2475 508 2526 Galle
539 2479 590 2526 in
627 2498 793 2528 arena
825 2480 1042 2530 humida
1083 2479 1289 2548 (Uesfi)
1327 2514 1394 2521 -
1428 2481 1749 2533 Damiattae
1799 2484 1936 2548 (Sie-

61 2547 212 2610 her),
251 2547 394 2613 quod
442 2547 607 2596 nullis
640 2544 822 2616 dtffert
868 2569 899 2598 α
948 2548 1304 2613 Brasilianis,
1362 2551 1467 2601 nisi
1511 2562 1724 2602 statura
1763 2553 1936 2605 humi-

60 2616 184 2666 liori
213 2626 263 2666 et
296 2615 477 2666 colore
507 2618 678 2684 magis
707 2618 923 2687 glauco.
1000 2627 1082 2683 Ἃ..

202 2705 487 2756 Observ.
560 2706 813 2755 Habitum
863 2720 917 2758 et
954 2709 1323 2759 definitionem
1372 2711 1416 2759 si
1462 2725 1702 2776 spectes,
1768 2716 1934 2782 magis

64 2793 219 2843 quam
264 2792 362 2841 pro
402 2792 524 2824 vera
566 2788 748 2825 natura
792 2781 1048 2828 accedere
1091 2780 1231 2829 forte
1275 2781 1460 2829 credas
1498 2782 1759 2831 Panico
1798 2785 1937 2833 fas-

63 2845 371 2893 ciculato
413 2846 769 2906 Swartzii‚
811 2850 985 2914 quod,
1025 2850 1100 2898 uti
1135 2867 1164 2898 e
1199 2850 1489 2915 specimine
1517 2852 1765 2916 originali
1797 2856 1936 2901 Her-

61 2913 200 2961 barii
240 2913 359 2962 Sch
380 2913 660 2962 reberia
681 2916 751 2963 ni
787 2929 933 2982 patet
960 2956 970 2978 ‚
1025 2920 1231 2967 abunde
1273 2918 1494 2968 differt:
1552 2923 1723 2970 culmo
1762 2924 1936 2988 graci-

63 2983 200 3032 liore
246 2983 533 3031 humiliore
586 2988 812 3049 superne
851 2988 1075 3047 villoso,
1127 2988 1273 3036 soliis
1322 2991 1559 3055 margine
1598 2992 1791 3052 nudis,
1853 3010 1937 3040 ra-

63 3069 212 3110 cemo
264 3051 632 3117 subsastigiato
683 3054 1047 3122 (incomposito
1094 3059 1254 3105 ramis
1306 3060 1737 3108 subverticillatis
1760 3096 1771 3118 ,
1823 3061 1938 3109 rha—

66 3121 250 3169 chibus
320 3121 562 3170 omnibus
606 3122 854 3184 hirsutis,
907 3127 1187 3191 pedicellis
1228 3127 1422 3176 bi-vel
1462 3128 1687 3178 trissoris
1727 3131 1939 3196 gracili-

64 3191 192 3250 bus,
236 3190 394 3238 etiarn
424 3191 476 3237 in
504 3193 724 3240 racemis
753 3193 946 3242 infimis
967 3233 979 3255 ‚
1025 3215 1251 3264 quorum
1272 3198 1392 3245 loco
1423 3199 1476 3245 in
1505 3210 1692 3248 nostro
1723 3201 1805 3248 vel
1832 3201 1939 3264 spi-

66 3275 158 3306 cae
197 3258 385 3307 breves
421 3260 681 3310 secundae
711 3276 998 3313 occurrunt
1024 3268 1107 3314 vel
1142 3266 1383 3316 fasciculi
1417 3285 1444 3316 e
1475 3267 1698 3317 floribus
1736 3269 1937 3316 sessili-

64 3327 162 3375 bus
199 3327 611 3394 conglomerati,
673 3342 728 3379 ut
774 3333 894 3382 icon
941 3337 1229 3385 Sloaneana
1282 3335 1412 3386 haec
1452 3338 1660 3406 pingit3
1715 3338 1936 3404 spiculis

67 3396 297 3463 denique
336 3397 628 3449 minoribus
663 3400 863 3450 striatis
896 3416 948 3452 et
976 3404 1329 3472 subglobosiS.
