2100 3882
119 103 223 155 216
711 94 1063 146 GRAmmEA-E.
1135 93 1412 142 PAmcum.

130 249 454 301 inferiorum
500 240 952 310 tri-quadrissori,
993 241 1192 309 reliqui
1217 239 1562 291 bi-unissori.
1638 240 1901 290 Pedicelli
1931 253 2010 291 te-

131 339 295 380 nues,
350 315 553 384 spicula
600 312 876 379 longiores
925 312 1009 362 vel
1054 311 1275 360 eandem
1319 322 1624 380 aequantes.
1700 312 1917 377 Spicula
1947 311 2013 359 li-
2078 328 2084 331 ·

130 409 230 442 nea
282 391 439 454 paulo
480 384 732 450 longior,
786 394 965 440 ovata,
1030 380 1380 438 subcordata,
1447 381 1637 446 glumis
1689 381 2011 430 abbreviatis

131 460 297 511 veluti
329 458 503 521 calyce
537 452 764 519 quodam
794 452 1046 501 involuta.
1098 451 1304 515 Calycis
1340 452 1543 517 glumae
1577 450 1853 518 aequales,
1894 451 2017 499 sub-

132 528 431 586 rotundae,
489 523 641 589 apice
674 522 989 571 rotundatae
1028 534 1079 570 et
1125 537 1285 586 saepe
1337 521 1728 587 emarginatae,
1783 520 2017 586 glabrae,

137 601 231 651 sed
259 597 387 663 pilis
428 593 634 661 aliquot
668 592 959 658 apicalibus
979 589 1311 651 barbulatae,
1349 591 1674 651 herbaceae,
1713 590 2020 656 fusco-pur-

136 685 335 737 pureae
360 686 374 731 3
411 663 646 712 inferior
671 663 950 718 ,trinerviS,
991 662 1256 722 superior,
1298 677 1431 727 quae
1456 660 1612 725 paulo
1637 660 1821 719 latior,
1863 661 2019 728 quin-

135 738 456 808 quenervis,
493 733 674 785 nervis
710 732 979 781 tenuibus.
1052 729 1289 778 Flosculi
1326 732 1524 796 glumas
1558 730 1717 796 duplo
1755 732 2019 779 exceden-

138 823 257 867 ωε,
309 804 578 873 aequales.
661 801 943 852 Flosculus
986 796 1214 847 inferior
1265 800 1528 848 masculus
1574 811 1780 849 textura
1821 801 2021 868 gluma-

137 896 289 928 rum:
328 873 534 929 valvula
564 871 796 924 inferior
831 871 935 918 late
977 869 1232 926 obovata,
1272 869 1491 928 obtusa,
1532 868 1696 918 laevis
1727 881 1779 918 et
1813 870 2015 938 glabra,

137 946 593 1018 quinquenerviS,
643 941 803 991 dorso
833 937 1088 1007 pallida,
1115 938 1255 987 circa
1308 940 1574 1005 margines
1620 939 2021 1007 fusco-purpu-

137 1036 263 1082 rea;
305 1016 551 1086 superior
586 1013 822 1079 ejusdem
852 1007 1232 1074 longitudinis,
1274 1020 1452 1066 ovata,
1505 1009 1718 1069 obtusa,
1756 1009 2018 1071 binervis,

138 1092 301 1139 dorso
333 1086 706 1143 canaliculata,
745 1081 810 1130 ad
845 1096 1039 1128 nervos
1077 1075 1301 1136 inflexa,
1345 1079 1551 1144 angulis
1587 1080 1782 1128 ciliatis
1810 1080 2019 1146 pallida.

138 1159 371 1210 Stamina
417 1158 523 1207 (luo
575 1155 661 1204 vel
712 1151 843 1207 tria,
908 1148 1146 1196 antheris
1191 1146 1368 1195 luteis.
1459 1148 1735 1198 Flosculus
1773 1150 2022 1216 superior

55 1249 59 1253 ,
131 1226 635 1298 hermaphroditus,
714 1222 1060 1280 chartaceus,
1136 1216 1337 1265 valvula
1390 1217 1622 1267 inferior
1686 1219 1790 1269 late
1848 1212 2019 1280 ova'ta,

135 1312 320 1363 acuta,
359 1313 626 1352 convexa,
667 1289 1016 1347 subenervis,
1052 1287 1380 1347 laevissima,
1436 1288 1783 1349 nitidissima,
1838 1289 2018 1340 fusco-

136 1388 437 1438 purpurea,
501 1365 651 1431 apice
706 1359 933 1428 pallido,
992 1357 1240 1422 superior
1282 1368 1339 1405 ut
1385 1357 1439 1404 in
1491 1356 1715 1407 flosculo
1762 1359 2017 1419 masculo,

138 1441 233 1490 sed
267 1441 434 1508 magis
458 1437 737 1485 chartacea
770 1445 947 1496 neque
982 1429 1047 1478 ad
1078 1426 1300 1493 angulos
1334 1426 1527 1476 ciliata.
1600 1429 1894 1479 Lodiculae
1930 1449 2019 1478 an-

140 1525 353 1577 gustae,
417 1515 723 1562 truncatae,
775 1501 964 1549 nudae.
1041 1497 1276 1546 Stamina
1329 1497 1460 1551 tria,
1557 1498 1796 1548 antheris
1845 1501 2021 1550 luteis.

146 1582 405 1651 Stigmata
438 1579 580 1627 laete
608 1587 903 1639 purpurea,
959 1566 1449 1634 aspergilliformia.

277 1666 505 1719 Habitat
536 1663 589 1711 in
636 1660 756 1729 ripa
773 1654 1035 1723 flumim’s
1067 1647 1531 1722 Jequetinh0nl1a'‚
1569 1655 1886 1707 adamantes
1910 1656 2025 1707 vol-

140 1739 339 1799 ventis,
373 1731 688 1806 provinciae
715 1726 1024 1778 Minarum.
1085 1732 1164 1790 2l..
1219 1721 1400 1773 Floret
1430 1723 1612 1776 Jzznio,

280 1835 323 1880 A
342 1827 419 1876 dn
438 1843 468 1875 0
487 1835 526 1876 t,
619 1819 842 1886 Species
897 1818 1030 1866 haec
1049 1853 1064 1878 ,
1141 1814 1459 1880 spicularum
1513 1815 1683 1865 forma
1739 1817 1782 1864 P
1797 1834 1823 1865 a
1839 1815 1905 1865 ni
1923 1816 1983 1865 ci
2002 1834 2023 1863 s

143 1898 460 1968 turgidis
518 1892 851 1960 aliquatenus
903 1885 1283 1952 comparanda,
1343 1885 1534 1948 calycis
1583 1886 1840 1952 singulari
1888 1897 2026 1934 stru-

144 1983 292 2021 ctura
323 1980 375 2017 et
402 1963 761 2032 proportione
797 1960 940 2008 inter
985 1956 1161 2007 omnia
1191 1953 1387 2003 Panica
1432 1955 1590 2023 longe
1632 1958 1831 2007 eminet
1870 1956 2026 2005 nulli-

144 2054 249 2112 que
277 2049 379 2090 stat
410 2049 669 2104 proxima.

526 2155 617 2221 *⁹¹0
659 2150 1242 2215 Anisocalycina:
1283 2165 1360 2214 sp.
1401 2147 1647 2215 87—96.

618 2326 688 2366 87·
734 2325 1072 2365 PANICUM
1133 2322 1556 2359 CHNOODES.

286 2420 350 2468 P.
384 2418 632 2485 panicula
672 2413 850 2482 patula
884 2405 1045 2461 ramis
1077 2430 1102 2459 a
1138 2409 1312 2459 medio
1346 2408 1531 2456 divisis
1576 2408 2027 2475 subcorymbosis‚

149 2490 372 2557 spiculis
422 2488 681 2554 ellipticis
720 2483 921 2535 obtusis
961 2480 1158 2549 glabris
1208 2479 1491 2537 coloratis,
1561 2480 1733 2545 gluma
1776 2480 2031 2529 inferiori

147 2560 369 2611 dimidio
420 2558 692 2618 breviori,
749 2551 970 2603 flosculo
1018 2561 1210 2599 neutro
1262 2549 1490 2606 bivalvi,
1550 2549 1722 2598 culmo
1777 2551 2029 2616 simplici,

143 2630 353 2698 vaginis
409 2629 663 2694 foliisque
739 2621 1036 2673 linearibus
1116 2620 1365 2669 sericeo·
1394 2618 1778 2679 villosissimis,
1843 2620 2029 2669 rhachi

144 2701 335 2768 pilosa.
1610 2688 1612 2691 ’

286 2786 545 2838 Panicum
584 2781 888 2844 chnoodes,
937 2775 1086 2827 Trin.
1124 2774 1263 2824 ined.

286 2874 456 2925 Radix
505 2873 817 2938 caespitosa.
894 2867 1067 2918 Culmi
1113 2865 1294 2931 plures
1336 2863 1771 2930 sesquipedales,
1825 2864 2030 2931 simpli·

148 2962 270 3005 ces,
312 2943 694 3000 strictiusculi,
733 2940 849 2990 basi
882 2937 1082 3005 lignosi
1119 2934 1380 3001 fibrisque
1417 2933 1544 2981 satis
1596 2934 1784 2983 validis
1830 2933 2031 2984 flexuo-

149 3016 223 3063 sis
249 3015 547 3063 radicantes
568 3050 579 3071 ‚
621 3011 929 3077 ibidemque
965 3024 1082 3056 cum
1115 3003 1353 3071 vaginiS‚
1410 3021 1613 3067 pennae
1646 3004 1921 3053 anserinae
1952 3016 2031 3053 te—

148 3085 358 3133 nuioris
391 3081 664 3139 crassitie,
717 3081 838 3129 dein
880 3078 1077 3135 erecti,
1131 3089 1363 3139 superne
1402 3084 1702 3138 pertenues.
1790 3075 2027 3141 Vaginae

150 3155 268 3202 laxe
300 3152 642 3212 convolutae,
685 3149 975 3198 inferiores
1004 3145 1248 3212 glabrae,
1303 3143 1610 3207 superiores
1658 3145 1773 3191 lana
1823 3144 2028 3193 mollis-

153 3224 286 3272 sima
324 3223 540 3271 sordide
578 3221 692 3270 alba
727 3219 877 3287 quasi
906 3217 1137 3266 refracta
1178 3213 1420 3262 vestitae.
1496 3214 1711 3262 Culmus
1752 3214 1907 3278 apice
1940 3231 2029 3262 ex-

153 3304 363 3350 sertus,
419 3290 542 3356 pilis
584 3288 888 3357 patentibus
942 3286 1220 3352 inspersus
1245 3318 1256 3340 ,
1319 3283 1502 3348 quales
1551 3293 1604 3330 et
1639 3283 1694 3330 in
1733 3282 1919 3331 rhachi
1950 3294 2032 3331 te-

150 3362 407 3412 nuissima
461 3361 739 3425 paniculae
811 3366 1114 3408 occurrunt.
1202 3351 1393 3418 Ligula
1441 3351 1614 3420 (quod
1653 3350 2030 3415 memorabile)

150 3432 236 3482 vel
283 3430 425 3480 nulla
476 3445 576 3479 nec
626 3430 759 3478 callo
822 3425 1118 3494 geniculari
1172 3422 1429 3478 indicata,
1492 3422 1574 3470 vel
1627 3421 2029 3472 membranacea

150 3501 403 3569 plica-mla
441 3499 624 3560 bievi,
666 3500 798 3547 callo
837 3494 1129 3564 geniculari
1160 3505 1269 3545 tum
1307 3490 1608 3548 manifesto.
1683 3492 1836 3544 Folia
1861 3491 2030 3542 linea-
