2100 3882
150 135 255 187 354
660 128 1007 178 Gnammean.
1083 134 1518 179 'I'nAcnrroe0N.

151 281 353 332 valvula
384 279 591 343 glmnae
620 276 738 326 fere
768 276 1106 344 longitudine
1152 279 1432 330 inferioris
1462 279 1688 347 oblonga
1715 290 1864 329 acuta
1902 295 2028 328 con-

152 353 325 401 voluta
358 349 541 397 ciliata
577 346 824 396 obsolete
859 349 1266 416 quinquenervi.
1341 351 1620 399 Flosculus
1660 351 1909 415 superior
1946 348 2025 396 bi-

153 420 312 470 valvis
336 454 348 476 ,
414 416 903 467 valvulainferiore
937 421 1107 483 gluma
1143 422 1424 486 superiore
1462 422 1485 482 ξ
1518 420 1771 469 breviore
1802 419 2030 483 oblonga

152 491 380 539 carinata
420 488 817 535 »ww-vibranacea
859 489 1080 551 pulchre
1115 491 1289 538 ciliata
1326 490 1601 548 {nin÷>rvi,
1657 489 1938 536 emittente
1964 505 2029 536 ex

153 561 303 625 apice
339 560 441 605 isui:
470 571 609 603 ῑιῖειῑυ
650 567 811 604 setam
840 559 1041 623 glumas
1082 561 1240 609 modo
1289 560 1368 607 bis=
1420 571 1470 606 et
1511 559 1643 606 ultra
1693 567 2030 624 superantem

153 629 306 678 modo
343 649 424 675 με.
529 637 804 691 „Ra-antem,
845 628 1001 677 modo
1032 624 1457 687 iis'breviorem,
1508 629 1749 676 rariusve
1788 627 2031 675 minutis-

153 699 372 755 simam,
437 696 812 747 rectiusculam
867 697 924 745 in
960 698 1137 746 medio
1190 711 1384 748 tortam
1434 698 1875 754 scabriusculam,
1941 696 2033 743 ali-

153 778 351 837 quanto
396 765 510 814 basi
554 766 907 833 papillosam,
957 768 1191 832 glabram
1233 769 1460 830 sulvam3
1516 767 1796 831 superiore
1830 766 2033 815 valvula

152 836 504 887 minutissima
539 853 757 903 genuen
801 853 987 902 parum
1024 834 1876 888 excedente'ovato-'lanceolata
1912 851 2033 883 acu-
2095 867 2100 898 4

152 908 375 957 tiuscula
416 907 570 974 plana
617 905 801 955 enervi
849 905 1031 973 glabra
1074 907 1294 969 hyalina.
1370 908 1667 957 Locliculae
1709 907 1872 966 duae,
1911 904 2036 952 bre·
2098 908 2100 910 ’

151 978 429 1035 vissimae‚
470 974 883 1034 crassiusculae,
939 976 1318 1042 complicatae,
1359 974 2032 1041 truncato-emarginatae,
2096 1031 2100 1037 ι

152 1047 491 1097 lutescentes.
569 1046 805 1094 Stamina
832 1045 969 1106 tria,
1007 1046 1242 1096 an'theris
1280 1046 1459 1096 luteis.
1534 1047 1667 1112 Styli
1698 1046 2037 1106 mediocres3

153 1117 398 1186 stigmata
430 1115 646 1175 villosa,
684 1114 844 1164 lutea.

426 1260 493 1302 12·
550 1261 1111 1300 TRACHYPOGON
1155 1262 1703 1301 SCABERRIMUS.
1737 1251 1778 1302 *†

291 1371 381 1417 Tr.
410 1366 585 1417 culmo
618 1379 802 1417 erecto
832 1367 1095 1433 simplici,
1137 1368 1293 1417 nodis
1323 1368 1547 1418 sericeis
1567 1404 1580 1429 ‚
1633 1366 1784 1417 foliis
1822 1367 2039 1416 linearia

154 1437 418 1505 elongatis
442 1438 756 1509 vaginisque
791 1437 1162 1497 scaberrimis‚
1201 1438 1366 1506 ligula
1399 1437 1744 1488 subcoriacea
1774 1448 2033 1495 truncata,

152 1507 432 1575 paniculae
470 1520 771 1557 contractae
815 1507 973 1556 ramis
1003 1507 1226 1556 alternis
1258 1528 1283 1557 a
1318 1509 1429 1559 basi
1460 1508 1815 1557 fasciculatim
1851 1507 2039 1558 divisis
2094 1531 2100 1558 ε

154 1577 495 1645 capillaribus
549 1577 1017 1636 subtrichotomis‚
1082 1578 1322 1628 articulis
1366 1578 1648 1646 pedicellis
1712 1578 2040 1645 spiculisque

154 1648 316 1698 dorso
365 1646 584 1705 lanatis,
636 1658 747 1696 seta
791 1646 1035 1696 filiformi
1078 1647 1336 1713 spiculam
1381 1658 1702 1715 superante,
1759 1647 2040 1715 pedicellis

155 1717 582 1766 rudimentorum
610 1718 867 1784 plumosis
900 1716 1100 1784 absque
1131 1719 1371 1783 spiculis.

297 1805 585 1856 Observ.
659 1806 838 1872 Aegre
876 1822 903 1852 a
942 1806 1298 1870 praecedente
1347 1805 1705 1855 distinximus.
1778 1803 2042 1854 Convenit
2097 1805 2100 1813 '

157 1892 277 1925 cum
309 1875 404 1924 illo
440 1875 714 1940 plurimis,
751 1873 937 1923 differt
969 1891 1099 1924 vero
1142 1875 1344 1942 vaginis
1396 1877 1669 1933 omnibus,
1721 1874 2044 1940 praesertim
2089 1892 2094 1906 ·

159 1944 565 2011 superioribus,
633 1945 891 2011 foliisque
945 1944 1240 1993 muricibus
1298 1945 1667 1994 minutissimis
1710 1943 2046 1994 densissimis

157 2014 385 2079 hyalinis
425 2013 489 2061 ad
524 2024 719 2062 tactum
769 2015 924 2062 limae
970 2014 1139 2063 instar
1187 2015 1530 2064 scaberrimis
1573 2016 1824 2081 lenteque
1869 2014 2044 2080 adspi-

162 2085 329 2134 cienti
360 2083 526 2134 veluti
557 2084 828 2149 pruinosis
851 2119 863 2141 ,
919 2094 1031 2131 tum
1068 2101 1196 2134 vero
1234 2085 1384 2133 soliis
1426 2085 1585 2149 paulo
1619 2084 1902 2133 latioribus
1941 2102 2045 2131 ma-

162 2153 355 2222 gisque
382 2153 590 2219 apicem
617 2170 800 2201 versus
838 2154 1126 2218 explanatis
1168 2154 1307 2214 (basi
1340 2166 1513 2203 tamen
1556 2171 1732 2222 neque
1771 2155 1945 2202 minus
1971 2166 2046 2202 at-

164 2223 397 2272 tenuatis
429 2223 865 2291 compressisque
893 2239 1011 2271 cum
1041 2224 1297 2284 sulculo)‚
1345 2224 1590 2290 panicula
1620 2225 1831 2274 minore
1860 2240 2047 2289 angus-

165 2293 339 2353 tiore,
395 2303 509 2342 seta
561 2293 719 2358 paulo
770 2293 1063 2343 teneriore.
1149 2295 1300 2369 Quae
1339 2305 1556 2351 cuncta,
1612 2294 1720 2343 nisi
1771 2293 2049 2343 scabrities

170 2362 408 2413 obstaret
450 2361 582 2411 adeo
624 2363 880 2428 insigniS‚
936 2363 1246 2413 varietatem
1290 2365 1470 2429 potius
1517 2381 1672 2431 quam
1717 2381 1895 2414 veram
1930 2380 2049 2428 spe·

168 2433 305 2481 ciem
350 2433 658 2499 proderent.
731 2433 928 2481 Fibrae
966 2433 1225 2483 radicales
1267 2445 1454 2483 nostro
1496 2436 1553 2482 in
1597 2433 1894 2500 specimine
1929 2443 2051 2482 sunt

168 2519 405 2561 crassae,
445 2502 726 2562 candidae,
765 2500 1067 2564 flexuosae,
1107 2503 1476 2554 laeviusculae.

309 2586 537 2637 Habitat
576 2588 630 2638 in
665 2589 1001 2656 marginibus
1034 2589 1318 2658 sylvarum
1347 2600 1397 2640 et
1427 2590 1481 2639 in
1511 2591 1628 2641 aclis
1659 2609 1813 2660 prov.
1854 2589 2035 2640 Mina-

171 2677 290 2707 rum
309 2659 449 2707 inter
478 2658 667 2708 Villam
687 2658 878 2707 Ricam
897 2668 946 2708 et
975 2658 1171 2724 Tejnco
1201 2679 1319 2709 cum
1351 2658 1785 2730 Traclzyloogone
1806 2660 2050 2728 stipoide.

177 2735 258 2794 Ἀ..
331 2729 486 2793 (Vidi
512 2737 562 2777 et
599 2728 654 2778 in
688 2727 852 2778 Herb.
884 2727 1019 2798 Reg.
1047 2726 1259 2787 Berol.)

469 2870 536 2910 13.
591 2876 1168 2914 TRAcurrocou
1209 2877 1678 2915 avenaceus.
1728 2867 1760 2919 †

318 2983 409 3029 Tr.
453 2979 630 3044 culmo
663 2991 847 3030 erecto
885 2979 1219 3047 subsimplici
1242 3015 1255 3039 ‚
1293 2981 1448 3030 nodis
1485 2983 1932 3048 pubescentibus,
1973 2986 2057 3036 fo-

175 3048 264 3097 liis
293 3048 934 3098 lanceolam-linearibus
963 3052 1538 3100 setaceo-acuminatis
1573 3055 1809 3121 margine
1834 3054 2056 3118 scabris„

178 3118 340 3183 ligula
381 3119 785 3167 membranacea
830 3122 1142 3179 rotundam,
1194 3121 1470 3185 paniculae
1501 3123 1951 3174 subverticillatae
1974 3143 2057 3174 ra-

181 3189 283 3236 mis
314 3188 429 3236 basi
468 3187 697 3252 integris
729 3188 960 3247 scabri8‚
1012 3201 1120 3237 seta
1154 3190 1358 3254 spicula
1388 3191 1694 3259 lanuginosa
1724 3193 1964 3244 breviori
1998 3195 2054 3244 in

181 3257 498 3325 quibusdam
534 3255 850 3314 deficiente,
901 3258 1183 3323 pedicellis
1219 3259 1645 3311 rudimentorum
1684 3263 2058 3314 mascularum-

180 3343 285 3396 que
314 3327 636 3394 spicularum
664 3327 869 3391 pilosis.

320 3413 687 3480 Andropogon
737 3430 1058 3475 avenaceu3‚
1112 3412 1182 3465 H.
1220 3425 1273 3465 et
1303 3414 1373 3470 H.
1413 3436 1468 3470 n.
1504 3416 1567 3468 G.
1601 3427 1654 3469 et
1684 3416 1774 3488 Sp.
1810 3417 1891 3488 pl.
1923 3417 1973 3472 J.
1997 3438 2064 3488 p.

396 3484 509 3550 189.
545 3479 754 3533 Runllz.
789 3486 924 3552 Syn.
953 3486 997 3534 I.
1024 3503 1082 3552 p.
1114 3493 1233 3547 244.
