2100 3882
96 115 164 166 30
673 107 1030 154 GnAmmnAE.
1105 104 1402 150 PAsmws.

97 257 465 328 longitudine,
523 253 700 304 culmo
740 251 1074 320 paucinodi,
1114 251 1319 320 vaginis
1365 249 1623 319 foliisque
1662 251 1986 301 densissime

99 332 310 381 sericeo
329 358 349 367 -
363 325 572 377 lanatis.

233 410 515 477 Paspalum
551 404 1072 470 dolichostachyum,
1131 399 1284 454 Trin.
1319 401 1375 452 in
1412 402 1518 454 litt.

240 494 412 545 Radix
458 490 786 555 caespitosa,
854 503 1028 550 crassa
1049 514 1093 542 ‚s-
1122 485 1352 546 fibrosa,
1427 487 1492 537 ad
1542 486 1739 536 collum
1776 485 1992 553 vagina-

101 584 222 617 rum
276 562 661 614 emarcidarum
694 554 861 608 ‘fibris
925 557 1157 606 residuis
1206 559 1415 622 stipata.
1525 558 1679 606 Folia
1734 555 1991 605 radicalia

103 635 329 688 caulinis
376 630 621 681 nonnihil
674 629 1009 696 angustiora,
1087 627 1330 676 siccitate
1397 627 1696 676 convoluta.
1818 626 1990 675 Culmi

101 717 230 768 4-
264 714 293 757 5
344 706 511 769 pedes
560 700 685 760 alti,
760 699 820 747 ad
871 697 1023 746 basin
1071 696 1315 746 crassitie
1375 714 1582 762 pennae
1649 697 1987 761 scriptoriae‚

103 775 313 833 erecti,
355 771 561 833 stricti,
600 780 828 828 teretes,
871 766 1074 825 striati,
1115 767 1305 833 glabri,
1346 768 1605 825 trinodeS,
1645 767 1788 816 nodo
1821 765 1990 815 altero

102 849 324 903 baseos,
382 841 611 910 reliquis
645 841 700 888 in
734 840 908 888 culmo
936 838 1156 886 remotis
1192 836 1989 901 subcyathiformi-inerassatis

104 916 345 967 laevibus
381 912 607 980 glabris,
673 910 913 975 margine
947 907 1202 956 distincto
1237 908 1445 956 elevato
1477 907 1747 956 interdum
1775 906 1988 955 villoso.

105 987 345 1054 Vaginae
375 981 586 1032 infimae
620 978 942 1028 laxiusculae
963 1015 975 1037 ‚
1013 993 1249 1036 crassae,
1292 978 1494 1037 laeves,
1535 978 1650 1026 lana
1679 975 1993 1026 densissima

108 1073 320 1107 sursum
371 1069 625 1122 appressa
660 1051 837 1116 grisea
878 1046 1408 1097 sericeo-nitentes:
1466 1048 1706 1096 caulinae
1752 1047 1994 1095 interno-

108 1128 214 1178 diis
256 1125 566 1180 breviores,
629 1132 835 1180 arctae,
903 1129 955 1167 et
991 1135 1191 1165 summa
1238 1117 1537 1178 interdum,
1601 1118 1717 1166 basi
1751 1127 1992 1183 excepta,

111 1198 313 1267 glabra.
387 1192 577 1260 Ligula
607 1189 818 1251 brevis,
857 1188 1167 1246 rotundam,
1207 1187 1493 1236 crenuiata.
1585 1187 1740 1236 Folia
1768 1186 1886 1245 fere
1915 1185 1996 1234 bi-

110 1267 354 1337 pedalia,
406 1264 615 1329 3}-—-l4
647 1261 819 1308 lineas
864 1258 997 1319 lata,
1052 1257 1303 1318 linearia,
1372 1257 1750 1317 crassiuscula,
1810 1267 1861 1313 at
1889 1273 1999 1304 non

109 1338 264 1391 valde
300 1330 502 1401 rigida,
552 1331 607 1379 in
636 1330 829 1398 pagina
860 1328 1141 1396 superiore
1169 1328 1395 1387 sulcata,
1445 1328 1699 1395 utrinque
1727 1327 1845 1375 lana
1878 1326 2000 1374 sub-

113 1423 367 1476 appressa
395 1402 622 1461 vestita,
680 1399 892 1449 inferne
928 1398 1086 1465 paulo
1130 1397 1401 1449 densiore.
1491 1398 1650 1464 Spica
1681 1396 1999 1462 composita,

112 1487 383 1531 contracta
404 1512 416 1536 ,
481 1489 666 1538 parum
697 1471 836 1520 ultra
865 1470 1108 1537 vaginam
1140 1486 1394 1516 summam
1425 1464 1588 1528 elata,
1649 1468 1873 1517 circiter
1906 1483 2001 1532 pe-

113 1550 265 1600 dalis.
339 1544 574 1596 Rhachis
607 1540 902 1590 communis
937 1538 1466 1606 angulato-sulcata,
1507 1538 1709 1588 scabra.
1804 1536 1999 1602 Spicae

111 1618 367 1689 propriae
403 1614 683 1680 copiosae,
738 1611 1040 1660 alternatim
1065 1609 1491 1676 approximatae,
1532 1608 1798 1657 interdum
1831 1605 2006 1675 gemi-

114 1708 216 1741 nae
251 1688 331 1738 vel
364 1687 498 1735 adeo
533 1682 1014 1741 subvertioillatae‚
1071 1688 1193 1740 4—-
1214 1699 1246 1741 7
1278 1680 1505 1746 pollices
1536 1679 1759 1746 longae,
1816 1694 2006 1744 angus-

115 1774 235 1819 tae,
290 1758 356 1806 ad
395 1767 571 1806 ortum
613 1751 1132 1802 villoso-barbatae.
1225 1749 1459 1798 Rhachis
1502 1751 1723 1816 propria
1766 1747 2006 1816 spiculae

119 1829 361 1898 singulae
413 1823 696 1874 latitudine
746 1822 833 1872 vel
875 1838 1062 1888 parum
1104 1820 1407 1885 angustior,
1479 1820 1773 1887 triquetra,
1843 1819 2006 1882 dorso

116 1902 275 1971 plana
310 1913 569 1955 nervosa,
609 1894 849 1961 margine
876 1892 1087 1949 scabra,
1143 1889 1342 1957 glabra.
1434 1890 1683 1955 Spiculae
1710 1889 2005 1947 solitariae,

118 1969 422 2023 alternatim
464 1965 782 2031 contiguae,
837 1961 1337 2027 ovato-oblongae,
1400 1960 1464 2008 ad
1505 1960 1854 2009 insertionem
1887 1958 2009 2006 bar-

116 2042 362 2099 bulatae,
403 2034 434 2101 {-
463 2036 559 2084 lin.
588 2035 798 2100 longae.
875 2032 1096 2083 Glumae
1129 2028 1352 2080 flosculo
1390 2042 1443 2080 et
1476 2030 1620 2079 inter
1646 2047 1701 2080 se
1735 2028 2005 2097 aequales,

123 2107 550 2166 obtusiusculae‚
593 2105 1025 2172 quinquenerves
1067 2101 1246 2150 nervis
1284 2100 1554 2149 distinctis
1591 2100 1853 2149 viridibus
1889 2098 2008 2164 plus

123 2184 365 2233 minusve
402 2174 836 2243 pubescentibus,
877 2172 1116 2239 margine
1149 2171 1373 2221 ciliatae.
1429 2171 1709 2221 Flosculus
1743 2171 1799 2218 ih
1829 2169 2012 2218 fructu

123 2248 640 2313 ovato-ellipticus,
682 2245 932 2304 obtusus,
973 2242 1174 2301 laevis,
1216 2240 1490 2290 candidus.
1932 2235 1936 2239 ’

269 2329 497 2380 Habitat
543 2329 598 2377 in
641 2325 886 2377 Brasilict
923 2324 1293 2393 exeram-opica
1346 2320 1634 2388 (Sellow.)
1670 2349 1740 2360 --
1812 2319 1931 2371 Vidi
1956 2318 2010 2368 in

129 2403 296 2455 Herb.
334 2401 472 2469 Reg.
510 2397 700 2448 Berol.
739 2407 788 2447 et
821 2394 985 2445 Her-h.
1033 2392 1186 2447 Tria.

273 2491 566 2543 Observ.
639 2491 738 2537 Est
785 2504 851 2536 ex
890 2484 1153 2535 affinitate
1204 2482 1474 2549 Paspali
1528 2479 2012 2548 leptostaehyi

132 2578 187 2615 et
205 2567 268 2614 P.
304 2578 370 2611 sc
388 2579 467 2626 op
486 2558 616 2608 arii
652 2557 744 2620 (cf.
770 2574 847 2622 sp.
879 2557 1004 2619 πέμ),
1044 2554 1139 2604 sed
1166 2565 1382 2620 praeter
1411 2553 1758 2602 villositatem
1785 2551 2020 2617 partium

132 2637 297 2686 etiam
329 2631 549 2697 spiculis
583 2627 882 2677 minoribus
931 2625 1130 2674 arctius
1169 2622 1552 2690 approximatis
1600 2634 1652 2671 et
1695 2622 1902 2671 obtusis
1939 2620 2019 2669 di-

132 2721 337 2757 VEI'SUS.

573 2805 638 2844 15-
699 2803 1072 2841 PASPALUS
1137 2803 1484 2840 EMINENS.
1525 2797 1555 2848 †

274 2901 338 2948 P.
378 2895 542 2962 spicis
579 2891 880 2947 numerosis
918 2889 1270 2938 inferioribus
1308 2888 1623 2948 subdivisis,
1685 2885 1872 2936 rhachi
1917 2884 2018 2933 tri-

138 2981 326 3041 quetra
365 2965 585 3035 spiculis
635 2961 892 3012 solitariis
934 2960 1136 3008 dissitis
1179 2977 1365 3025 parum
1411 2960 1749 3025 angustiore,
1823 2955 2018 3024 glumis

138 3039 387 3106 oblongis
419 3034 618 3104 glabris
647 3031 855 3081 flosculi
889 3030 1258 3097 longitudine,
1299 3030 1472 3078 culmo
1506 3028 1827 3095 paucinodi‚
1868 3024 2018 3074 foliis

137 3104 648 3172 lineari-elongatis
684 3101 999 3170 vaginisque
1031 3100 1264 3158 scabris,
1305 3099 1656 3148 inferioribus
1691 3094 2024 3146 subhirfutiS.

281 3195 566 3246 Proximus
616 3189 910 3258 Paspalo
965 3188 1288 3255 scopario
1352 3200 1404 3237 et
1450 3190 1511 3236 P.
1563 3186 1848 3253 pellito;
1923 3181 2028 3232 dif—
2094 3236 2098 3237 ⁷

141 3270 252 3320 fert
294 3267 357 3316 ab
402 3266 496 3313 illo
542 3263 716 3312 culmo
774 3258 1094 3328 paucinodi,
1172 3256 1392 3324 spiculis
1444 3256 1761 3317 minoribus
1794 3252 2027 3323 glabriss3

145 3340 209 3390 ab
255 3338 360 3387 hoc
422 3332 768 3400 pubescentia
816 3330 1146 3397 spiculisque
1202 3328 1362 3376 etiam
1416 3327 1632 3394 glabris.
1677 3352 1745 3361 —-
1855 3322 2031 3372 Radix

146 3410 340 3470 densa,
381 3404 674 3470 caespitem
706 3402 968 3450 nutrienS.
1064 3397 1279 3448 Culmus
1313 3397 1543 3464 orgyalis
1565 3434 1577 3458 ,
1634 3395 1751 3444 basi
1784 3391 2029 3443 crassitie

146 3495 357 3546 pennae
391 3474 700 3531 anserinae,
760 3472 913 3538 apice
948 3479 1247 3518 attenuatus
1281 3479 1335 3517 et
1366 3468 1567 3529 nudus,
1636 3465 1891 3529 simplex,
1948 3471 2030 3509 te-

149 3566 269 3611 res,
307 3546 503 3607 laevis,
544 3543 745 3612 glaber,
783 3540 939 3591 nodis
969 3552 1195 3608 quatuor
1219 3537 1386 3588 fuscis
1415 3539 1604 3588 crassis
1635 3534 1875 3595 hirsutis,
1912 3529 2029 3580 basi
