2100 3882
113 123 220 181 428
634 121 991 171 Gnammzan.
1066 119 1469 170 Gnmoroeon.

117 277 220 327 sita
245 284 454 327 exserta
482 271 665 323 basive
698 269 939 336 vaginata
954 305 969 332 ,
1010 270 1092 320 vel
1130 269 1346 335 digitata
1373 268 1649 335 plerisque
1675 268 1981 335 tristachya‚

115 347 203 399 vel
238 340 894 406 fasciculam-fastigiata,
934 340 1013 389 vel
1046 338 1458 388 subverticillata
1483 376 1494 398 ,
1536 351 1588 388 et
1617 342 1890 389 tum'vero
1916 357 1982 389 ex

113 415 358 484 pluribus
399 413 562 478 spicis
590 410 897 478 partialibus
930 411 1238 476 composita.
1311 408 1543 457 Rhachis
1575 410 1868 458 communis
1899 427 1983 458 se-

115 487 344 536 cundum
385 485 565 548 spicae
605 480 1056 546 compositionem
1108 481 1281 536 varia,
1341 479 1394 526 in
1442 478 1681 545 digitatis
1721 479 1979 537 subnulla,

114 548 528 605 in'fasciculatis
567 562 618 600 et
647 549 957 616 paniculatis
993 549 1404 615 semipollicaris
1450 549 1533 596 vel
1576 548 1980 616 sesquipollica-

111 626 223 685 ris,
262 621 768 691 compressiuscula,
810 621 1121 676 semiteres‚
1164 619 1243 668 vel
1274 619 1429 667 etiam
1463 619 1736 684 angulata,
1777 618 1981 678 scabra,

109 695 238 745 hinc
275 694 399 742 inde
435 693 748 758 pubescens.
823 689 1067 738 Rhaches
1097 689 1346 753 partiales
1392 687 1578 751 1{—3
1614 687 1842 754 pollices
1868 689 1982 738 lon-

110 783 241 834 gae,
304 763 567 832 graciles,
626 759 1015 813 rectiusculae,
1077 759 1162 808 vel
1212 759 1594 818 subincurvae‚
1663 758 1984 825 triquetrae,

111 834 359 894 scabrae,
402 834 483 883 vel
522 831 677 880 etiam
710 829 836 896 pilis
869 829 1175 893 inspersae,
1226 828 1289 877 ad
1327 828 1675 878 insertionem
1703 827 1984 891 barbatae3

111 905 169 954 in
199 903 524 954 fasciculatis
551 920 649 950 una
688 901 917 949 alterave
953 898 1207 956 inferior,
1265 909 1374 946 tum
1419 911 1602 947 ternae
1652 898 1980 962 terminales,

110 975 167 1024 in
200 973 514 1041 paniculatis
552 973 786 1021 alternae
827 967 907 1016 vel
943 968 1516 1016 verticillato—ternae.
1592 968 1838 1034 Spiculae
1871 987 1983 1018 ses-

110 1045 566 1115 qui-bilineares,
608 1051 889 1108 angustae,
929 1037 1511 1094 disticho-secundae,
1551 1037 1982 1100 subimbricatae,

111 1116 410 1174 solitariae,
465 1113 697 1162 sessiles.
771 1108 992 1158 Glumae
1042 1107 1642 1166 lineari-lanceolatae,
1694 1109 1980 1170 carinatae,

109 1186 428 1243 uninewes,
477 1183 750 1247 hyalinae,
808 1195 974 1226 nervo
1025 1176 1222 1226 dorsali
1266 1177 1457 1236 viridi,
1512 1178 1689 1226 carina
1736 1178 1981 1229 scabrae:

109 1256 343 1306 inferior
370 1264 550 1309 acuta,
599 1247 822 1299 flosculo
861 1246 1083 1297 dimidio
1119 1275 1185 1284 —
1215 1247 1464 1310 superior
1505 1258 1987 1299 setaceo-mucro-

107 1338 265 1388 nata,
302 1324 526 1375 flosculo
564 1319 626 1369 ad
675 1335 927 1368 summum
967 1328 1151 1385 quarta
1191 1328 1342 1381 parte
1383 1316 1622 1368 brevior.
1696 1319 1979 1368 Flosculus

105 1396 359 1456 linearis,
412 1390 745 1450 subsessilis,
798 1387 913 1437 basi
955 1387 1463 1448 albo-barbulatus‚
1515 1388 1742 1455 primum
1777 1391 1980 1449 virens,

107 1467 320 1518 demum
346 1467 442 1516 sub
479 1465 654 1515 fructu
687 1461 901 1521 fuscus,
958 1459 1179 1511 valvulis
1226 1456 1521 1521 chartaceis
1562 1459 1869 1526 aequalibus
1916 1459 1982 1508 li-

107 1538 394 1598 nearibu53
433 1534 683 1585 inferiori
721 1550 951 1584 convexa
978 1531 1204 1582 trinervi
1236 1532 1387 1596 apice
1424 1531 1695 1579 bidentata
1726 1529 1977 1596 margini-

104 1608 315 1676 busque
367 1604 814 1656 ciliato—barbata
836 1640 848 1663 ,
907 1619 1080 1652 nervo
1109 1602 1306 1651 dorsali
1340 1602 1391 1648 in
1418 1613 1580 1650 setam
1606 1602 1839 1649 valvulae
1864 1600 1980 1649 lon-

107 1678 351 1747 gitudine
382 1688 585 1726 rectam
621 1675 857 1724 scabram
888 1673 1115 1739 primum
1151 1671 1396 1737 pallidam
1432 1672 1641 1720 demum
1675 1670 1981 1720 fuscescen-

104 1761 215 1799 tem
263 1760 611 1807 excurrente3
681 1744 949 1811 superiori
992 1744 1152 1792 dorso
1195 1743 1345 1808 plana
1394 1740 1721 1808 marginibus
1770 1738 1981 1789 inflexis

107 1818 405 1870 subciliaiis
451 1819 659 1884 integra
708 1815 900 1864 mutica
941 1812 1170 1862 binervi.
1262 1811 1530 1861 Antherae
1571 1811 1760 1860 luteae.
1837 1810 1983 1877 Stig-

102 1902 239 1939 mata
281 1885 717 1953 penicillisormia
742 1901 1025 1952 purpurea.
1078 1880 1391 1943 (Lodiculas
1414 1899 1516 1929 non
1539 1880 1983 1942 observavimus.)

108 1960 397 2025 Caryopsis
425 1955 972 2008 lineari-lanceolata,
1013 1953 1252 2018 integra,
1291 1951 1615 2017 ferruginea.
1691 1951 1984 1999 Rudimen-

107 2040 220 2078 tum
262 2029 450 2083 breve,
493 2027 872 2080 lanceolatum,
925 2023 1038 2070 basi
1078 2025 1337 2089 apiceque
1373 2020 1740 2079 herbulatum,
1796 2020 1982 2086 stipite

107 2098 338 2150 flosculo
372 2097 538 2146 fertili
573 2094 811 2145 breviori
843 2093 1027 2160 glabro
1074 2090 1363 2149 sublatum,
1418 2090 1670 2139 emittens
1699 2090 1836 2139 infra
1870 2091 1984 2156 api-

109 2185 224 2219 cem
265 2179 430 2218 setam
463 2168 634 2215 lineae
673 2163 1053 2230 longitudinis.
1088 2160 1182 2210 sed
1227 2161 1293 2210 ob
1325 2161 1683 2210 rudimentum
1727 2178 1825 2209 una
1864 2177 1984 2209 cum

111 2240 294 2307 stipite
331 2236 556 2287 flosculo
588 2237 808 2285 brevius
844 2243 986 2282 setae
1015 2231 1126 2296 ejus
1164 2230 1433 2298 fastigium
1469 2248 1574 2279 non
1613 2230 1982 2298 attingentem.

247 2325 474 2376 Habitat
521 2325 574 2373 in
625 2320 948 2391 graminosis
993 2318 1175 2387 planis
1230 2337 1391 2385 saper
1449 2327 1649 2367 terram
1703 2335 1984 2367 arenosam

109 2415 453 2467 camporum,
508 2412 640 2464 quos
666 2391 906 2441 IVlimoso
946 2390 1161 2449 dicunt,
1206 2407 1361 2455 prov.
1406 2385 1884 2437 Pernamhacanae
1931 2396 1984 2437 et

108 2466 479 2528 Planhlensis,
536 2464 656 2513 inde
691 2482 722 2510 a
757 2461 1001 2511 Joazeiro
1030 2460 1100 2507 ml
1136 2459 1323 2507 Oeiras
1378 2477 1580 2524 nsquej
1631 2458 1682 2506 in
1725 2459 1843 2525 ripa
1877 2454 1985 2520 flu-

107 2538 269 2589 minis
304 2533 660 2603 Peraaguacn'
698 2550 867 2599 prope
910 2530 1178 2598 Uppiclam
1221 2527 1513 2578 Cachsfflira
1544 2537 1593 2577 et
1630 2529 1681 2576 in
1711 2527 1985 2597 gramino-

107 2610 180 2660 εἰς
205 2626 375 2675 prope
405 2602 739 2672 Soleropolin
770 2620 925 2668 prov.
952 2598 1247 2649 Hctlzietzsls,
1305 2597 1487 2648 Floret
1522 2597 1742 2666 Aprili,
1782 2596 1945 2664 Dslajo
1963 2617 1986 2661 ,-

109 2678 411 2730 Novembre
438 2695 557 2726 cam
574 2671 856 2743 fiuctibus
887 2671 1113 2720 maturis
1141 2669 1475 2722 occurrebat.
1554 2682 1608 2733 Q
1633 2665 1663 2717 ἕ)

249 2769 496 2818 Adnot.
572 2767 834 2819 Gramen,
889 2779 986 2825 pro
1025 2761 1129 2810 situ
1169 2771 1219 2808 et
1250 2760 1371 2808 loco
1410 2759 1567 2807 natali
1604 2756 1985 2823 magnitudine,

111 2840 398 2888 teneritate
434 2835 518 2886 vel
553 2837 737 2902 vigore
773 2832 1030 2898 partium,
1085 2830 1268 2879 colore
1300 2828 1503 2878 ssosculi
1547 2829 1626 2876 vel
1669 2827 1864 2890 pallido
1902 2826 1985 2875 vel

110 2907 764 2973 fusco-purpurascentes,
815 2899 1246 2950 infloreseentiae
1283 2899 1515 2965 denique
1562 2897 1871 2944 diversitate
1903 2914 1986 2944 va-

112 2978 284 3029 rium,
324 2977 411 3025 sed
441 2975 689 3042 idemque
721 2985 894 3021 tamen
925 2989 986 3019 ex
1015 2970 1156 3018 notis
1185 2970 1236 3016 in
1260 2968 1496 3035 diagnosi
1529 2966 1793 3021 indicatis,
1834 2983 1988 3031 prae-

113 3047 298 3097 sertim
330 3064 358 3095 e
393 3045 539 3094 foliis
574 3042 1011 3110 pubescentibus,
1065 3038 1259 3106 glumis
1293 3036 1569 3086 flosculum
1605 3036 1837 3085 fertilem
1878 3053 1986 3084 non

117 3115 500 3183 aequantibus,
568 3114 694 3160 setis
744 3110 1084 3159 brevioribus
1107 3146 1119 3167 ,
1184 3105 1519 3174 flosculoque
1571 3117 1625 3154 et
1680 3107 1984 3156 rudimento

115 3186 233 3237 basi
267 3186 528 3253 apiceque
562 3181 852 3232 barbulatis
887 3180 1035 3228 facili
1062 3176 1278 3243 negotio
1313 3176 1750 3244 dignoscendum.

542 3327 585 3369 5.
634 3324 1157 3367 GYMNOPOGON
1201 3323 1479 3362 LAEVIS.
1532 3316 1561 3368 †

260 3419 325 3470 G.
356 3414 544 3485 glumis
582 3411 861 3472 subulatiS,
924 3423 1036 3461 seta
1076 3410 1314 3460 valvulae
1358 3408 1636 3459 inferioris
1678 3408 1849 3458 hirtae
1886 3405 1986 3456 hac

119 3487 323 3540 valvula
353 3485 643 3551 subtrip10‚
697 3481 981 3533 rudimenti
1017 3477 1495 3548 pseudossosculosi
1529 3491 1638 3530 seta
1676 3477 1837 3544 duplo
1872 3476 1987 3526 lon-
