2100 3882
126 110 232 164 334
611 102 958 153 Gnamnsssss.
1033 99 1516 149 ScmzAcnxnmm.

267 252 492 304 Habitat
528 249 602 301 ad
634 247 837 301 Monte
879 245 1059 300 Vadeo.
1114 252 1195 313 21..
1268 243 1514 310 (Sellow.
1553 275 1621 285 —-·
1675 244 1731 294 V.
1763 244 1816 294 in
1842 242 2009 295 Herb.

132 325 270 391 Reg.
314 320 524 382 Berol.)
1711 316 1717 319 “

276 411 563 464 Observ.
635 406 1231 473 Andropogonem
1282 401 1814 462 condensatum,
1852 405 1921 452 H.
1961 412 2016 452 et

132 484 226 543 R,
279 481 531 550 equidem
567 478 622 527 in
659 476 830 527 Herb.
867 477 1324 528 Willdenowiano
1364 472 1689 532 examinavi,
1744 489 1849 541 quo
1887 471 2016 522 edo-

135 566 251 606 ctus
297 568 443 613 sum,
506 548 926 614 descriptionem
975 547 1181 595 clariss·
1239 557 1376 594 auct.
1429 542 1729 593 confectam
1784 559 1903 591 esse
1949 546 2015 591 ad

135 621 431 690 specimina
487 617 744 686 quaedam
789 618 962 665 minus
1010 616 1281 681 perfecta,
1343 631 1570 681 quorum
1611 612 1789 678 spicae
1829 611 2019 661 abbre-

134 694 340 751 viatae,
379 690 768 756 maximamque
810 697 1017 753 partem
1061 685 1202 734 intra
1248 685 1458 750 spathas
1504 700 1598 732 seu
1642 681 1857 747 vaginas
1901 698 2020 729 suas

134 761 545 818 delitescentes,
597 759 653 807 in
695 758 922 816 denSOS,
961 756 1126 804 veluti
1166 752 1473 805 Schoeni
1519 751 1822 818 cujusdam,
1849 749 2019 803 ,fasci-

136 831 288 883 culos
325 829 684 895 colliguntur,
735 826 910 876 alieno
948 842 1072 873 sane
1101 842 1128 872 a
1163 823 1496 890 reliquorum
1530 822 1806 888 magisque
1841 821 2022 870 evolu-

132 912 316 956 ,torum
353 899 705 965 speciminum
747 895 1008 960 exemplo.
1101 894 1169 942 At
1221 910 1383 952 vero,
1440 909 1557 941 cum
1596 893 1650 939 in
1688 891 1856 955 ipsam
1902 889 2023 939 rha-

138 970 304 1022 cheos
338 980 392 1019 et
424 969 750 1033 spicularum
792 976 1110 1014 structuram
1145 961 1481 1028 indagaveris
1506 998 1519 1022 ,
1559 977 1755 1028 easque
1787 959 2022 1024 vaginas,

139 1041 336 1109 quibus
378 1038 547 1088 adhuc
577 1037 955 1091 includuntur,
1007 1029 1125 1082 cum
1166 1032 1359 1080 iisdem
1401 1031 1736 1099 reliquorum
1773 1029 2026 1094 specimi-

138 1106 268 1160 num
311 1107 555 1175 partibus
589 1118 788 1156 attente
834 1101 1259 1167 comparaveris,
1312 1101 1542 1163 nullam,
1591 1100 1699 1149 nisi
1736 1116 1871 1168 quae
1904 1115 2026 1165 spe·-

140 1180 228 1231 cie
253 1180 426 1230 aliena
457 1176 769 1245 deceperit,
810 1172 1053 1225 invenies
1084 1170 1467 1221 differentiam.

373 1317 419 1359 2·
465 1320 1102 1362 SCHIZAGHYRIUM
1143 1315 1710 1355 INTERMEDIUM.
1771 1308 1804 1361 ἦ

285 1411 408 1463 Sch.
445 1407 834 1460 monandrum‘?
874 1406 1048 1455 culmo
1081 1404 1395 1453 fasciculato
1433 1421 1646 1453 ramoso
1675 1402 1932 1470 foliisque
1965 1402 2032 1452 li-

143 1483 397 1536 nearibus
427 1480 659 1547 glabris,
711 1477 879 1544 spicis
918 1474 1208 1525 linearibus
1247 1473 1483 1524 incurvis
1515 1473 1702 1523 rhachi
1738 1472 2035 1540 pedicello-

146 1571 254 1625 que
300 1551 537 1618 spiculae
583 1551 826 1598 neutrius
875 1546 1150 1595 subulatae
1202 1544 1468 1612 setigerae
1519 1555 1702 1594 rectae
1751 1542 2031 1610 plumosis,

147 1635 264 1676 seta
297 1619 501 1687 spicula
539 1637 629 1668 sua
665 1618 831 1683 triplo
858 1616 1127 1683 longiore.

293 1689 650 1741 Praecedenti
702 1687 879 1749 (Sch.
928 1682 1416 1746 condensato)
1466 1680 1801 1748 proximum,
1852 1681 2040 1732 differt

153 1762 450 1830 imprimis:
493 1760 666 1810 culmo
698 1756 989 1805 humiliore
1012 1790 1025 1815 ‚
1064 1755 1120 1803 in
1147 1753 1344 1803 nostris
1376 1753 1464 1803 vix
1484 1753 1618 1801 ultra
1639 1751 1832 1818 pedem
1854 1753 2042 1821 longo,

151 1832 481 1902 graciliore3
518 1829 672 1879 foliis
704 1826 1067 1884 brevioribus,
1118 1821 1308 1889 1}—3
1342 1822 1564 1888 pollices
1591 1821 1768 1889 longis
1794 1859 1807 1883 ,
1846 1823 2042 1872 lineam

153 1905 222 1954 ad
257 1917 517 1950 summum
552 1899 700 1954 latis,
754 1897 895 1946 facie
919 1932 932 1956 ,
983 1893 1261 1962 magisque
1300 1893 1460 1941 etiam
1496 1891 1766 1958 margine,
1807 1892 2044 1955 scabris3

154 1974 304 2040 spica
336 1975 576 2039 (quoque
604 1967 873 2029 solitaria)
911 1981 1168 2024 recurva,
1224 1961 1409 2011 rhachi
1442 1963 1788 2029 caeteroquin
1831 1963 2044 2030 aequali

155 2059 260 2093 nec
300 2041 534 2090 undatim
571 2036 740 2095 flexa,
796 2035 1030 2102 pallida,
1085 2033 1324 2083 articulis
1372 2031 1491 2099 (qui
1534 2030 1590 2078 in
1630 2032 1726 2081 illo
1767 2031 1906 2081 linea
1958 2032 2046 2083 vix

155 2112 497 2179 longiores),
551 2108 719 2174 triplo
761 2104 1134 2171 longioribus,
1195 2118 1400 2151 sursum
1450 2118 1558 2149 non
1597 2101 1668 2150 ita
1717 2101 2047 2164 incrassatiS,

158 2182 366 2250 plani5‚
423 2178 679 2246 utrinque
723 2175 1014 2242 plumosis;
1069 2173 1289 2239 spiculis
1341 2171 1691 2238 paucioribus
1728 2172 1940 2237 (4—6)
1990 2172 2048 2222 in

161 2251 390 2318 singulis
423 2249 621 2314 spicis,
661 2263 779 2296 cum
825 2245 879 2292 in
908 2244 1003 2293 illo
1032 2241 1146 2292 6——
1167 2260 1226 2292 10
1255 2241 1599 2290 inveniantur
1619 2277 1632 2299 ‚
1682 2242 1898 2290 tertiam
1928 2259 2052 2308 par-

161 2334 272 2372 tem
307 2317 641 2387 longioribus
683 2315 739 2379 (3
774 2315 944 2364 lineas
979 2312 1186 2380 longis,
1246 2322 1358 2361 seta
1399 2327 1431 2376 q
1472 2311 1799 2373 linearum);
1849 2312 2053 2377 spicula

165 2391 342 2442 sterili
389 2389 673 2448 distincta,
723 2383 1245 2440 lineari-subulam,
1298 2382 1355 2429 in
1406 2391 1573 2429 setam
1623 2392 1945 2431 excurrente
1996 2393 2054 2432 et

165 2478 288 2512 cum
322 2477 384 2510 ea
412 2457 691 2509 3-lineari
713 2490 727 2514 ‚
767 2460 930 2522 (quae
968 2453 1023 2501 in
1058 2453 1184 2511 illo,
1233 2451 1432 2499 lineam
1464 2450 1552 2502 vix
1583 2450 1775 2518 longa,
1827 2462 1937 2500 seta
1970 2467 2056 2501 ca-

164 2540 310 2596 ret),
351 2544 672 2595 semperque
713 2536 927 2585 erecta,
980 2520 1454 2588 hermaphroditae
1512 2519 1750 2586 spiculae
1787 2521 2057 2587 parallela.

306 2616 536 2679 Habitat
565 2615 640 2665 ad
664 2612 867 2664 Ilffonte
905 2610 1085 2663 Wdeo.
1113 2607 1334 2659 Sellow.
1373 2614 1458 2674 Ἀ..
1515 2609 1607 2673 (V.
1632 2607 1686 2658 in
1711 2606 1879 2659 Herb.
1899 2606 2059 2678 Ber.)

409 2759 457 2800 3.
498 2759 1132 2800 scn1zacnv111un1
1173 2756 1750 2793 HIRTIFLORUM.
1810 2747 1845 2800 ἦ·

315 2851 440 2903 Sch.
485 2847 869 2904 monandrum,
925 2844 1103 2895 culmo
1144 2841 1745 2898 fasciculam-ramoso,
1800 2840 1952 2893 soliis
1988 2843 2059 2894 li-

175 2921 429 2975 nearibus
469 2920 587 2970 basi
633 2919 948 2985 vaginisque
990 2912 1346 2964 inferioribus
1385 2910 1606 2977 pilosis,
1662 2911 1827 2978 spicis
1876 2914 2059 2964 solita..

175 2994 276 3044 riis
320 2990 506 3039 rhachi
546 2989 876 3054 spiculisque
907 2985 1150 3043 villosis,
1197 2980 1418 3048 spiculis
1464 2981 1672 3030 neutris
1716 2994 2060 3033 serrato-se-

179 3061 368 3113 cundis
396 3057 720 3126 biglumibus
742 3093 758 3116 ,
811 3057 985 3123 gluma
1018 3053 1283 3103 inferiore
1319 3050 1580 3116 setigera,
1626 3051 2056 3120 hermaphroditi

183 3142 299 3183 seta
329 3129 534 3196 spicula
565 3126 729 3192 duplo
764 3125 1034 3191 longiore.
1895 3155 1900 3160 .

316 3199 490 3250 Radix
541 3195 773 3254 fibrosa,
817 3193 969 3243 fibris
1011 3190 1236 3242 ramosis
1275 3188 1533 3240 flexuosis
1577 3189 1815 3262 pallidis..
1882 3191 2059 3243 Culmi

184 3267 510 3336 caespitosi,
560 3264 960 3333 sesquipedales
999 3274 1052 3313 et
1086 3260 1394 3327 bipedales,
1447 3262 1693 3311 crassitie
1730 3279 1937 3327 pennae
1968 3278 2063 3312 co..

184 3340 454 3392 lumbinae
476 3373 489 3397 ,
529 3346 772 3396 erectae,
808 3334 1022 3383 inferne
1051 3331 1242 3383 tereti·
1264 3330 1589 3395 compressi,
1630 3347 1864 3396 superne
1890 3331 2065 3382 altero

186 3411 359 3461 latere
402 3406 621 3468 sulcati,
661 3404 875 3466 laeves,
925 3400 1251 3452 multinodes
1288 3401 1553 3468 nodisque
1590 3401 1790 3469 glabri,
1843 3417 1873 3450 e
1909 3400 2066 3451 nodis

191 3477 560 3550 superioribus
593 3474 824 3528 ramulos
867 3490 962 3526 seu
1005 3471 1337 3540 pedunculos
1380 3470 1781 3541 subfastigiatos
1824 3470 2062 3524 edentes.
