<?xml version="1.0" encoding="UTF-8"?>
<!DOCTYPE html PUBLIC "-//W3C//DTD XHTML 1.0 Transitional//EN"
    "http://www.w3.org/TR/xhtml1/DTD/xhtml1-transitional.dtd">
<html xmlns="http://www.w3.org/1999/xhtml" xml:lang="en" lang="en">
 <head>
  <title>
</title>
<meta http-equiv="Content-Type" content="text/html;charset=utf-8" />
  <meta name='ocr-system' content='tesseract 3.04.00' />
  <meta name='ocr-capabilities' content='ocr_page ocr_carea ocr_par ocr_line ocrx_word'/>
</head>
<body>
  <div class='ocr_page' id='page_1' title='image "./florabrasiliensi02mart_0159.png"; bbox 0 0 2100 3882; ppageno 0'>
   <div class='ocr_carea' id='block_1_1' title="bbox 598 95 1909 150">
    <p class='ocr_par' dir='ltr' id='par_1_1' title="bbox 598 95 1909 150">
     <span class='ocr_line' id='line_1_1' title="bbox 598 95 1909 150; baseline -0.002 0"><span class='ocrx_word' id='word_1_1' title='bbox 598 99 952 150; x_wconf 59' lang='lat' dir='ltr'><strong>ommam.</strong></span> <span class='ocrx_word' id='word_1_2' title='bbox 1026 97 1298 147; x_wconf 65' lang='lat' dir='ltr'><strong>Puncmz‘.</strong></span> <span class='ocrx_word' id='word_1_3' title='bbox 1805 95 1909 147; x_wconf 77' lang='lat'><strong>145</strong></span> 
     </span>
    </p>
   </div>
   <div class='ocr_carea' id='block_1_2' title="bbox 20 239 1903 1078">
    <p class='ocr_par' dir='ltr' id='par_1_2' title="bbox 20 239 1903 1078">
     <span class='ocr_line' id='line_1_2' title="bbox 36 239 1903 317; baseline -0.005 -18"><span class='ocrx_word' id='word_1_4' title='bbox 36 248 267 317; x_wconf 75' lang='lat' dir='ltr'><strong>spinulae</strong></span> <span class='ocrx_word' id='word_1_5' title='bbox 303 247 506 298; x_wconf 87' lang='lat' dir='ltr'><strong>cadunt.</strong></span> <span class='ocrx_word' id='word_1_6' title='bbox 580 246 790 312; x_wconf 81' lang='lat' dir='ltr'><strong>Spicula</strong></span> <span class='ocrx_word' id='word_1_7' title='bbox 825 247 966 295; x_wconf 83' lang='lat' dir='ltr'><strong>linea</strong></span> <span class='ocrx_word' id='word_1_8' title='bbox 1001 247 1156 311; x_wconf 87' lang='lat' dir='ltr'><strong>paulo</strong></span> <span class='ocrx_word' id='word_1_9' title='bbox 1188 245 1432 312; x_wconf 83' lang='lat' dir='ltr'>longior,</span> <span class='ocrx_word' id='word_1_10' title='bbox 1472 239 1750 307; x_wconf 71' lang='lat' dir='ltr'><strong>emptica,</strong></span> <span class='ocrx_word' id='word_1_11' title='bbox 1808 241 1903 290; x_wconf 87' lang='lat' dir='ltr'><strong>ob·</strong></span> 
     </span>
     <span class='ocr_line' id='line_1_3' title="bbox 34 310 1898 377; baseline -0.005 -9"><span class='ocrx_word' id='word_1_12' title='bbox 34 330 166 368; x_wconf 86' lang='lat' dir='ltr'><strong>tusa.</strong></span> <span class='ocrx_word' id='word_1_13' title='bbox 241 317 457 366; x_wconf 87' lang='lat' dir='ltr'><strong>Glumae</strong></span> <span class='ocrx_word' id='word_1_14' title='bbox 501 316 826 377; x_wconf 79' lang='lat' dir='ltr'><strong>herbaceae,</strong></span> <span class='ocrx_word' id='word_1_15' title='bbox 878 325 1089 372; x_wconf 89' lang='lat' dir='ltr'><strong>tenues,</strong></span> <span class='ocrx_word' id='word_1_16' title='bbox 1150 315 1309 363; x_wconf 84' lang='lat' dir='ltr'><strong>dorso</strong></span> <span class='ocrx_word' id='word_1_17' title='bbox 1361 327 1652 369; x_wconf 80' lang='lat' dir='ltr'><strong>convexae,</strong></span> <span class='ocrx_word' id='word_1_18' title='bbox 1695 310 1898 376; x_wconf 83' lang='lat' dir='ltr'><strong>griseo-</strong></span> 
     </span>
     <span class='ocr_line' id='line_1_4' title="bbox 32 380 1897 451; baseline -0.006 -14"><span class='ocrx_word' id='word_1_19' title='bbox 32 388 387 448; x_wconf 71' lang='lat' dir='ltr'><strong>virescentes,</strong></span> <span class='ocrx_word' id='word_1_20' title='bbox 426 385 661 451; x_wconf 80' lang='lat' dir='ltr'><strong>margine</strong></span> <span class='ocrx_word' id='word_1_21' title='bbox 696 385 935 433; x_wconf 85' lang='lat' dir='ltr'><strong>obsolete</strong></span> <span class='ocrx_word' id='word_1_22' title='bbox 980 383 1213 440; x_wconf 81' lang='lat' dir='ltr'><strong>ciliatae,</strong></span> <span class='ocrx_word' id='word_1_23' title='bbox 1255 384 1400 448; x_wconf 88' lang='lat' dir='ltr'><strong>apice</strong></span> <span class='ocrx_word' id='word_1_24' title='bbox 1436 382 1578 449; x_wconf 85' lang='lat' dir='ltr'><strong>pube</strong></span> <span class='ocrx_word' id='word_1_25' title='bbox 1602 381 1747 428; x_wconf 86' lang='lat' dir='ltr'><strong>tenui</strong></span> <span class='ocrx_word' id='word_1_26' title='bbox 1779 380 1897 428; x_wconf 84' lang='lat' dir='ltr'><strong>har-</strong></span> 
     </span>
     <span class='ocr_line' id='line_1_5' title="bbox 30 448 1897 520; baseline -0.003 -15"><span class='ocrx_word' id='word_1_27' title='bbox 30 456 262 512; x_wconf 86' lang='lat' dir='ltr'><strong>bulatae,</strong></span> <span class='ocrx_word' id='word_1_28' title='bbox 304 454 645 520; x_wconf 83' lang='lat' dir='ltr'><strong>caeteroquin</strong></span> <span class='ocrx_word' id='word_1_29' title='bbox 676 454 914 519; x_wconf 80' lang='lat' dir='ltr'><strong>glabrac3</strong></span> <span class='ocrx_word' id='word_1_30' title='bbox 953 452 1181 500; x_wconf 85' lang='lat' dir='ltr'><strong>inferior</strong></span> <span class='ocrx_word' id='word_1_31' title='bbox 1210 449 1443 501; x_wconf 85' lang='lat' dir='ltr'><strong>flosculis</strong></span> <span class='ocrx_word' id='word_1_32' title='bbox 1479 450 1633 517; x_wconf 90' lang='lat' dir='ltr'><strong>paulo</strong></span> <span class='ocrx_word' id='word_1_33' title='bbox 1661 448 1897 499; x_wconf 67' lang='lat' dir='ltr'><strong>breVior.</strong></span> 
     </span>
     <span class='ocr_line' id='line_1_6' title="bbox 20 515 1902 586; baseline -0.005 -11"><span class='ocrx_word' id='word_1_34' title='bbox 20 524 563 582; x_wconf 67' lang='lat' dir='ltr'><strong>ovato-lanceolata,</strong></span> <span class='ocrx_word' id='word_1_35' title='bbox 615 523 958 580; x_wconf 76' lang='lat' dir='ltr'>acutiuscula,</span> <span class='ocrx_word' id='word_1_36' title='bbox 1010 522 1291 582; x_wconf 80' lang='lat' dir='ltr'><strong>trinervis3</strong></span> <span class='ocrx_word' id='word_1_37' title='bbox 1353 521 1597 586; x_wconf 86' lang='lat' dir='ltr'><strong>superior</strong></span> <span class='ocrx_word' id='word_1_38' title='bbox 1648 515 1902 568; x_wconf 90' lang='lat' dir='ltr'><strong>flosculos</strong></span> 
     </span>
     <span class='ocr_line' id='line_1_7' title="bbox 32 588 1899 662; baseline -0.005 -18"><span class='ocrx_word' id='word_1_39' title='bbox 32 612 286 662; x_wconf 88' lang='lat' dir='ltr'><strong>aequans,</strong></span> <span class='ocrx_word' id='word_1_40' title='bbox 355 593 607 658; x_wconf 82' lang='lat' dir='ltr'><strong>elliptica,</strong></span> <span class='ocrx_word' id='word_1_41' title='bbox 666 592 1048 649; x_wconf 82' lang='lat' dir='ltr'><strong>obtusiuscula,</strong></span> <span class='ocrx_word' id='word_1_42' title='bbox 1107 590 1538 656; x_wconf 87' lang='lat' dir='ltr'><strong>quinquenervis.</strong></span> <span class='ocrx_word' id='word_1_43' title='bbox 1622 588 1899 637; x_wconf 83' lang='lat' dir='ltr'><strong>Flosculus</strong></span> 
     </span>
     <span class='ocr_line' id='line_1_8' title="bbox 32 659 1900 728; baseline -0.005 -15"><span class='ocrx_word' id='word_1_44' title='bbox 32 675 220 713; x_wconf 85' lang='lat' dir='ltr'><strong>neuter</strong></span> <span class='ocrx_word' id='word_1_45' title='bbox 261 661 543 719; x_wconf 74' lang='lat' dir='ltr'><strong>univ-alvis,</strong></span> <span class='ocrx_word' id='word_1_46' title='bbox 595 663 798 710; x_wconf 69' lang='lat' dir='ltr'><strong>valvula</strong></span> <span class='ocrx_word' id='word_1_47' title='bbox 828 660 1156 728; x_wconf 80' lang='lat' dir='ltr'><strong>longitudine</strong></span> <span class='ocrx_word' id='word_1_48' title='bbox 1187 670 1238 707; x_wconf 87' lang='lat' dir='ltr'><strong>et</strong></span> <span class='ocrx_word' id='word_1_49' title='bbox 1275 670 1534 708; x_wconf 74' lang='lat' dir='ltr'><strong>structura</strong></span> <span class='ocrx_word' id='word_1_50' title='bbox 1572 659 1787 725; x_wconf 79' lang='lat' dir='ltr'><strong>glumae-</strong></span> <span class='ocrx_word' id='word_1_51' title='bbox 1816 674 1900 705; x_wconf 87' lang='lat' dir='ltr'><strong>su-</strong></span> 
     </span>
     <span class='ocr_line' id='line_1_9' title="bbox 30 726 1899 800; baseline -0.004 -18"><span class='ocrx_word' id='word_1_52' title='bbox 30 733 260 800; x_wconf 85' lang='lat' dir='ltr'><strong>perioris</strong></span> <span class='ocrx_word' id='word_1_53' title='bbox 311 729 623 797; x_wconf 83' lang='lat' dir='ltr'><strong>flosculique</strong></span> <span class='ocrx_word' id='word_1_54' title='bbox 686 729 1136 796; x_wconf 83' lang='lat' dir='ltr'><strong>hermaphroditi,</strong></span> <span class='ocrx_word' id='word_1_55' title='bbox 1200 729 1643 793; x_wconf 82' lang='lat' dir='ltr'><strong>ovato-elliptica</strong></span> <span class='ocrx_word' id='word_1_56' title='bbox 1695 726 1899 784; x_wconf 84' lang='lat' dir='ltr'><strong>obtusa,</strong></span> 
     </span>
     <span class='ocr_line' id='line_1_10' title="bbox 33 795 1896 870; baseline -0.005 -19"><span class='ocrx_word' id='word_1_57' title='bbox 33 803 181 870; x_wconf 80' lang='lat' dir='ltr'><strong>apice</strong></span> <span class='ocrx_word' id='word_1_58' title='bbox 233 801 501 849; x_wconf 82' lang='lat' dir='ltr'><strong>barbulata</strong></span> <span class='ocrx_word' id='word_1_59' title='bbox 552 818 753 848; x_wconf 84' lang='lat' dir='ltr'><strong>sursum</strong></span> <span class='ocrx_word' id='word_1_60' title='bbox 801 797 1164 864; x_wconf 77' lang='lat' dir='ltr'><strong>7-—9-nervi</strong></span> <span class='ocrx_word' id='word_1_61' title='bbox 1213 797 1456 844; x_wconf 86' lang='lat' dir='ltr'><strong>deorsum</strong></span> <span class='ocrx_word' id='word_1_62' title='bbox 1494 795 1896 863; x_wconf 68' lang='lat' dir='ltr'><strong>quinquenervi.</strong></span> 
     </span>
     <span class='ocr_line' id='line_1_11' title="bbox 30 866 1898 935; baseline -0.004 -15"><span class='ocrx_word' id='word_1_63' title='bbox 30 871 304 920; x_wconf 82' lang='lat' dir='ltr'><strong>Flosculus</strong></span> <span class='ocrx_word' id='word_1_64' title='bbox 334 870 792 935; x_wconf 83' lang='lat' dir='ltr'><strong>hermaphroditus</strong></span> <span class='ocrx_word' id='word_1_65' title='bbox 823 869 1000 925; x_wconf 86' lang='lat' dir='ltr'><strong>albus,</strong></span> <span class='ocrx_word' id='word_1_66' title='bbox 1053 867 1343 931; x_wconf 66' lang='lat' dir='ltr'><strong>empticus,</strong></span> <span class='ocrx_word' id='word_1_67' title='bbox 1396 866 1612 913; x_wconf 87' lang='lat' dir='ltr'><strong>obtusus</strong></span> <span class='ocrx_word' id='word_1_68' title='bbox 1643 884 1757 915; x_wconf 91' lang='lat' dir='ltr'><strong>cum</strong></span> <span class='ocrx_word' id='word_1_69' title='bbox 1786 883 1898 913; x_wconf 88' lang='lat' dir='ltr'><strong>mu-</strong></span> 
     </span>
     <span class='ocr_line' id='line_1_12' title="bbox 31 934 1903 997; baseline -0.005 -6"><span class='ocrx_word' id='word_1_70' title='bbox 31 957 193 991; x_wconf 89' lang='lat' dir='ltr'><strong>crone</strong></span> <span class='ocrx_word' id='word_1_71' title='bbox 235 939 430 989; x_wconf 88' lang='lat' dir='ltr'><strong>calloso</strong></span> <span class='ocrx_word' id='word_1_72' title='bbox 474 940 744 997; x_wconf 86' lang='lat' dir='ltr'><strong>obsoleto,</strong></span> <span class='ocrx_word' id='word_1_73' title='bbox 787 938 1023 987; x_wconf 72' lang='lat' dir='ltr'><strong>obsoleto</strong></span> <span class='ocrx_word' id='word_1_74' title='bbox 1052 952 1309 984; x_wconf 83' lang='lat' dir='ltr'><strong>nervosus</strong></span> <span class='ocrx_word' id='word_1_75' title='bbox 1352 946 1403 982; x_wconf 91' lang='lat' dir='ltr'><strong>et</strong></span> <span class='ocrx_word' id='word_1_76' title='bbox 1441 934 1783 983; x_wconf 84' lang='lat' dir='ltr'><strong>subtilissime</strong></span> <span class='ocrx_word' id='word_1_77' title='bbox 1815 953 1903 982; x_wconf 89' lang='lat' dir='ltr'><strong>ru-</strong></span> 
     </span>
     <span class='ocr_line' id='line_1_13' title="bbox 30 1002 1858 1078; baseline -0.004 -20"><span class='ocrx_word' id='word_1_78' title='bbox 30 1010 272 1078; x_wconf 80' lang='lat' dir='ltr'><strong>gulosus,</strong></span> <span class='ocrx_word' id='word_1_79' title='bbox 312 1009 510 1075; x_wconf 84' lang='lat' dir='ltr'><strong>rugulis</strong></span> <span class='ocrx_word' id='word_1_80' title='bbox 547 1025 654 1057; x_wconf 86' lang='lat' dir='ltr'><strong>non</strong></span> <span class='ocrx_word' id='word_1_81' title='bbox 698 1009 800 1056; x_wconf 87' lang='lat' dir='ltr'><strong>nisi</strong></span> <span class='ocrx_word' id='word_1_82' title='bbox 824 1005 1149 1072; x_wconf 50' lang='lat' dir='ltr'><strong>pei-*lentem</strong></span> <span class='ocrx_word' id='word_1_83' title='bbox 1186 1005 1467 1053; x_wconf 75' lang='lat' dir='ltr'><strong>fortiorem</strong></span> <span class='ocrx_word' id='word_1_84' title='bbox 1496 1002 1858 1052; x_wconf 85' lang='lat' dir='ltr'><strong>observandis.</strong></span> 
     </span>
    </p>
   </div>
   <div class='ocr_carea' id='block_1_3' title="bbox 28 1087 1902 1296">
    <p class='ocr_par' dir='ltr' id='par_1_3' title="bbox 28 1087 1902 1296">
     <span class='ocr_line' id='line_1_14' title="bbox 166 1087 1899 1162; baseline -0.003 -19"><span class='ocrx_word' id='word_1_85' title='bbox 166 1093 391 1144; x_wconf 80' lang='lat' dir='ltr'><strong>Habitat</strong></span> <span class='ocrx_word' id='word_1_86' title='bbox 431 1095 482 1144; x_wconf 87' lang='lat' dir='ltr'><strong>in</strong></span> <span class='ocrx_word' id='word_1_87' title='bbox 502 1091 781 1162; x_wconf 74' lang='lat' dir='ltr'><strong>fruticetis</strong></span> <span class='ocrx_word' id='word_1_88' title='bbox 810 1092 1068 1142; x_wconf 76' lang='lat' dir='ltr'><strong>umbrosis</strong></span> <span class='ocrx_word' id='word_1_89' title='bbox 1093 1110 1262 1160; x_wconf 76' lang='lat' dir='ltr'><strong>prope</strong></span> <span class='ocrx_word' id='word_1_90' title='bbox 1298 1088 1514 1153; x_wconf 81' lang='lat' dir='ltr'><strong>TejncO.</strong></span> <span class='ocrx_word' id='word_1_91' title='bbox 1582 1087 1763 1138; x_wconf 85' lang='lat' dir='ltr'><strong>Floret</strong></span> <span class='ocrx_word' id='word_1_92' title='bbox 1788 1088 1899 1138; x_wconf 85' lang='lat' dir='ltr'><strong>De-</strong></span> 
     </span>
     <span class='ocr_line' id='line_1_15' title="bbox 28 1155 1902 1230; baseline -0.004 -16"><span class='ocrx_word' id='word_1_93' title='bbox 28 1164 240 1214; x_wconf 84' lang='lat' dir='ltr'><strong>cembri.</strong></span> <span class='ocrx_word' id='word_1_94' title='bbox 298 1172 378 1230; x_wconf 61' lang='lat' dir='ltr'><strong>2l..</strong></span> <span class='ocrx_word' id='word_1_95' title='bbox 427 1162 719 1214; x_wconf 66' lang='lat' dir='ltr'><strong>Andereze&#39;</strong></span> <span class='ocrx_word' id='word_1_96' title='bbox 761 1161 904 1211; x_wconf 72' lang='lat' dir='ltr'><strong>lusit.</strong></span> <span class='ocrx_word' id='word_1_97' title='bbox 956 1163 1017 1224; x_wconf 84' lang='grc' dir='ltr'><strong>(α</strong></span> <span class='ocrx_word' id='word_1_98' title='bbox 1051 1155 1434 1229; x_wconf 75' lang='lat' dir='ltr'><strong>Langsclorff)</strong></span> <span class='ocrx_word' id='word_1_99' title='bbox 1519 1158 1638 1210; x_wconf 77' lang='lat' dir='ltr'><strong>Vidi</strong></span> <span class='ocrx_word' id='word_1_100' title='bbox 1664 1177 1902 1208; x_wconf 81' lang='lat' dir='ltr'><strong>racemu-</strong></span> 
     </span>
     <span class='ocr_line' id='line_1_16' title="bbox 31 1228 1030 1296; baseline -0.004 -11"><span class='ocrx_word' id='word_1_101' title='bbox 31 1233 142 1285; x_wconf 79' lang='lat' dir='ltr'><strong>lum</strong></span> <span class='ocrx_word' id='word_1_102' title='bbox 178 1243 228 1285; x_wconf 82' lang='lat' dir='ltr'><strong>et</strong></span> <span class='ocrx_word' id='word_1_103' title='bbox 264 1234 465 1284; x_wconf 83' lang='lat' dir='ltr'><strong>iconem</strong></span> <span class='ocrx_word' id='word_1_104' title='bbox 500 1251 527 1282; x_wconf 88' lang='lat' dir='ltr'><strong>e</strong></span> <span class='ocrx_word' id='word_1_105' title='bbox 556 1251 719 1281; x_wconf 75' lang='lat' dir='ltr'><strong>manu</strong></span> <span class='ocrx_word' id='word_1_106' title='bbox 751 1231 818 1281; x_wconf 86' lang='lat' dir='ltr'><strong>cl.</strong></span> <span class='ocrx_word' id='word_1_107' title='bbox 855 1228 1030 1296; x_wconf 77' lang='lat' dir='ltr'><strong>Tria.)</strong></span> 
     </span>
    </p>
   </div>
   <div class='ocr_carea' id='block_1_4' title="bbox 31 1316 1904 1596">
    <p class='ocr_par' dir='ltr' id='par_1_4' title="bbox 31 1316 1904 1596">
     <span class='ocr_line' id='line_1_17' title="bbox 170 1316 1898 1387; baseline -0.003 -16"><span class='ocrx_word' id='word_1_108' title='bbox 170 1323 456 1372; x_wconf 83' lang='lat' dir='ltr'><strong>Observ.</strong></span> <span class='ocrx_word' id='word_1_109' title='bbox 496 1324 533 1370; x_wconf 92' lang='grc' dir='ltr'><strong>Ι.</strong></span> <span class='ocrx_word' id='word_1_110' title='bbox 607 1324 652 1371; x_wconf 91' lang='lat' dir='ltr'>A</span> <span class='ocrx_word' id='word_1_111' title='bbox 694 1331 980 1387; x_wconf 86' lang='lat' dir='ltr'><strong>sequente,</strong></span> <span class='ocrx_word' id='word_1_112' title='bbox 1036 1320 1120 1370; x_wconf 91' lang='lat' dir='ltr'><strong>cui</strong></span> <span class='ocrx_word' id='word_1_113' title='bbox 1154 1318 1337 1368; x_wconf 89' lang='lat' dir='ltr'><strong>habitu</strong></span> <span class='ocrx_word' id='word_1_114' title='bbox 1372 1317 1594 1386; x_wconf 84' lang='lat' dir='ltr'><strong>quodam</strong></span> <span class='ocrx_word' id='word_1_115' title='bbox 1629 1329 1678 1366; x_wconf 89' lang='lat' dir='ltr'><strong>et</strong></span> <span class='ocrx_word' id='word_1_116' title='bbox 1710 1316 1898 1384; x_wconf 83' lang='lat' dir='ltr'><strong>glumis·</strong></span> 
     </span>
     <span class='ocr_line' id='line_1_18' title="bbox 32 1386 1899 1456; baseline -0.004 -15"><span class='ocrx_word' id='word_1_117' title='bbox 32 1391 318 1442; x_wconf 71' lang='lat' dir='ltr'><strong>bai-bulatis</strong></span> <span class='ocrx_word' id='word_1_118' title='bbox 355 1389 585 1449; x_wconf 86' lang='lat' dir='ltr'><strong>accedit,</strong></span> <span class='ocrx_word' id='word_1_119' title='bbox 628 1389 809 1439; x_wconf 78' lang='lat' dir='ltr'><strong>differt</strong></span> <span class='ocrx_word' id='word_1_120' title='bbox 846 1390 1063 1456; x_wconf 84' lang='lat' dir='ltr'><strong>spiculis</strong></span> <span class='ocrx_word' id='word_1_121' title='bbox 1108 1389 1267 1455; x_wconf 83' lang='lat' dir='ltr'><strong>duplo</strong></span> <span class='ocrx_word' id='word_1_122' title='bbox 1314 1389 1431 1438; x_wconf 85' lang='lat' dir='ltr'><strong>fere</strong></span> <span class='ocrx_word' id='word_1_123' title='bbox 1485 1388 1778 1436; x_wconf 86' lang='lat' dir='ltr'><strong>minorihus</strong></span> <span class='ocrx_word' id='word_1_124' title='bbox 1809 1386 1899 1434; x_wconf 90' lang='lat' dir='ltr'><strong>ob-</strong></span> 
     </span>
     <span class='ocr_line' id='line_1_19' title="bbox 31 1456 1904 1526; baseline -0.004 -16"><span class='ocrx_word' id='word_1_125' title='bbox 31 1461 189 1520; x_wconf 85' lang='lat' dir='ltr'><strong>tusis,</strong></span> <span class='ocrx_word' id='word_1_126' title='bbox 233 1472 284 1509; x_wconf 90' lang='lat' dir='ltr'><strong>et</strong></span> <span class='ocrx_word' id='word_1_127' title='bbox 319 1459 531 1510; x_wconf 84' lang='lat' dir='ltr'><strong>defectu</strong></span> <span class='ocrx_word' id='word_1_128' title='bbox 561 1460 869 1526; x_wconf 83' lang='lat' dir='ltr'><strong>appendicis</strong></span> <span class='ocrx_word' id='word_1_129' title='bbox 904 1460 969 1508; x_wconf 83' lang='lat' dir='ltr'><strong>ad</strong></span> <span class='ocrx_word' id='word_1_130' title='bbox 1003 1460 1154 1508; x_wconf 86' lang='lat' dir='ltr'><strong>basin</strong></span> <span class='ocrx_word' id='word_1_131' title='bbox 1184 1459 1517 1525; x_wconf 87' lang='lat' dir='ltr'><strong>superiorem</strong></span> <span class='ocrx_word' id='word_1_132' title='bbox 1551 1456 1760 1506; x_wconf 85' lang='lat' dir='ltr'><strong>flosculi</strong></span> <span class='ocrx_word' id='word_1_133' title='bbox 1780 1457 1904 1505; x_wconf 78' lang='lat' dir='ltr'><strong>hei·-</strong></span> 
     </span>
     <span class='ocr_line' id='line_1_20' title="bbox 31 1530 909 1596; baseline -0.003 -17"><span class='ocrx_word' id='word_1_134' title='bbox 31 1530 372 1596; x_wconf 86' lang='lat' dir='ltr'><strong>maphroditi‚</strong></span> <span class='ocrx_word' id='word_1_135' title='bbox 425 1530 522 1578; x_wconf 84' lang='lat' dir='ltr'><strong>alia</strong></span> <span class='ocrx_word' id='word_1_136' title='bbox 548 1541 604 1577; x_wconf 88' lang='lat' dir='ltr'><strong>ut</strong></span> <span class='ocrx_word' id='word_1_137' title='bbox 633 1541 909 1579; x_wconf 75' lang='lat' dir='ltr'><strong>taceamus.</strong></span> 
     </span>
    </p>
   </div>
   <div class='ocr_carea' id='block_1_5' title="bbox 10 1613 1907 2366">
    <p class='ocr_par' dir='ltr' id='par_1_5' title="bbox 10 1613 1907 2366">
     <span class='ocr_line' id='line_1_21' title="bbox 170 1613 1903 1683; baseline -0.004 -16"><span class='ocrx_word' id='word_1_138' title='bbox 170 1617 303 1667; x_wconf 84' lang='lat' dir='ltr'><strong>Obs</strong></span> <span class='ocrx_word' id='word_1_139' title='bbox 323 1633 455 1665; x_wconf 84' lang='lat' dir='ltr'><strong>erv.</strong></span> <span class='ocrx_word' id='word_1_140' title='bbox 495 1620 556 1666; x_wconf 92' lang='grc' dir='ltr'><strong>ΙΙ.</strong></span> <span class='ocrx_word' id='word_1_141' title='bbox 613 1619 739 1666; x_wconf 85' lang='lat' dir='ltr'><strong>Cum</strong></span> <span class='ocrx_word' id='word_1_142' title='bbox 768 1618 994 1683; x_wconf 83' lang='lat' dir='ltr'><strong>primum</strong></span> <span class='ocrx_word' id='word_1_143' title='bbox 1040 1616 1102 1664; x_wconf 91' lang='lat' dir='ltr'><strong>ab</strong></span> <span class='ocrx_word' id='word_1_144' title='bbox 1137 1614 1454 1665; x_wconf 88' lang='lat' dir='ltr'><strong>amicissimo</strong></span> <span class='ocrx_word' id='word_1_145' title='bbox 1494 1613 1741 1663; x_wconf 89' lang='lat' dir='ltr'><strong>Trinio</strong></span> <span class='ocrx_word' id='word_1_146' title='bbox 1780 1613 1903 1663; x_wconf 88' lang='lat' dir='ltr'><strong>icon</strong></span> 
     </span>
     <span class='ocr_line' id='line_1_22' title="bbox 34 1683 1903 1754; baseline -0.003 -18"><span class='ocrx_word' id='word_1_147' title='bbox 34 1687 142 1737; x_wconf 90' lang='lat' dir='ltr'><strong>sola</strong></span> <span class='ocrx_word' id='word_1_148' title='bbox 174 1687 328 1754; x_wconf 82' lang='lat' dir='ltr'><strong>hujus</strong></span> <span class='ocrx_word' id='word_1_149' title='bbox 369 1687 619 1751; x_wconf 80' lang='lat' dir='ltr'><strong>graminis</strong></span> <span class='ocrx_word' id='word_1_150' title='bbox 664 1700 713 1735; x_wconf 88' lang='lat' dir='ltr'><strong>et</strong></span> <span class='ocrx_word' id='word_1_151' title='bbox 759 1687 940 1736; x_wconf 83' lang='lat' dir='ltr'><strong>brevis</strong></span> <span class='ocrx_word' id='word_1_152' title='bbox 990 1686 1258 1752; x_wconf 82' lang='lat' dir='ltr'><strong>diagnosis</strong></span> <span class='ocrx_word' id='word_1_153' title='bbox 1304 1685 1367 1733; x_wconf 85' lang='lat' dir='ltr'><strong>ad</strong></span> <span class='ocrx_word' id='word_1_154' title='bbox 1410 1702 1505 1733; x_wconf 88' lang='lat' dir='ltr'><strong>nos</strong></span> <span class='ocrx_word' id='word_1_155' title='bbox 1551 1683 1903 1752; x_wconf 77' lang='lat' dir='ltr'><strong>pervenisset,</strong></span> 
     </span>
     <span class='ocr_line' id='line_1_23' title="bbox 10 1753 1906 1822; baseline -0.003 -17"><span class='ocrx_word' id='word_1_156' title='bbox 10 1755 121 1822; x_wconf 21' lang='lat' dir='ltr'><strong>*has</strong></span> <span class='ocrx_word' id='word_1_157' title='bbox 155 1768 337 1805; x_wconf 85' lang='lat' dir='ltr'><strong>nostro</strong></span> <span class='ocrx_word' id='word_1_158' title='bbox 366 1756 615 1805; x_wconf 89' lang='lat' dir='ltr'><strong>Panico</strong></span> <span class='ocrx_word' id='word_1_159' title='bbox 657 1757 810 1822; x_wconf 74' lang='lat' dir='ltr'><strong>peni</strong></span> <span class='ocrx_word' id='word_1_160' title='bbox 829 1756 1017 1806; x_wconf 84' lang='lat' dir='ltr'><strong>cillat</strong></span> <span class='ocrx_word' id='word_1_161' title='bbox 1036 1773 1065 1804; x_wconf 96' lang='lat' dir='ltr'><strong>o</strong></span> <span class='ocrx_word' id='word_1_162' title='bbox 1100 1754 1397 1804; x_wconf 81' lang='lat' dir='ltr'><strong>subsimiles</strong></span> <span class='ocrx_word' id='word_1_163' title='bbox 1430 1771 1546 1803; x_wconf 88' lang='lat' dir='ltr'><strong>esse</strong></span> <span class='ocrx_word' id='word_1_164' title='bbox 1575 1772 1673 1821; x_wconf 88' lang='lat' dir='ltr'><strong>per</strong></span> <span class='ocrx_word' id='word_1_165' title='bbox 1702 1753 1906 1801; x_wconf 82' lang='lat' dir='ltr'><strong>litteras</strong></span> 
     </span>
     <span class='ocr_line' id='line_1_24' title="bbox 32 1823 1906 1892; baseline -0.002 -18"><span class='ocrx_word' id='word_1_166' title='bbox 32 1826 409 1885; x_wconf 74' lang='lat' dir='ltr'><strong>nuntiavimus,</strong></span> <span class='ocrx_word' id='word_1_167' title='bbox 450 1825 515 1873; x_wconf 86' lang='lat' dir='ltr'><strong>ad</strong></span> <span class='ocrx_word' id='word_1_168' title='bbox 540 1826 714 1891; x_wconf 84' lang='lat' dir='ltr'><strong>apices</strong></span> <span class='ocrx_word' id='word_1_169' title='bbox 745 1827 1032 1892; x_wconf 81' lang='lat' dir='ltr'><strong>glumarum</strong></span> <span class='ocrx_word' id='word_1_170' title='bbox 1061 1825 1332 1874; x_wconf 81' lang='lat' dir='ltr'><strong>attendere</strong></span> <span class='ocrx_word' id='word_1_171' title='bbox 1362 1825 1604 1891; x_wconf 84' lang='lat' dir='ltr'><strong>jubentes</strong></span> <span class='ocrx_word' id='word_1_172' title='bbox 1624 1860 1636 1883; x_wconf 85' lang='lat'><strong>,</strong></span> <span class='ocrx_word' id='word_1_173' title='bbox 1677 1823 1720 1871; x_wconf 82' lang='lat' dir='ltr'><strong>si</strong></span> <span class='ocrx_word' id='word_1_174' title='bbox 1763 1823 1906 1871; x_wconf 78' lang='lat' dir='ltr'><strong>forte</strong></span> 
     </span>
     <span class='ocr_line' id='line_1_25' title="bbox 32 1891 1905 1970; baseline -0.002 -26"><span class='ocrx_word' id='word_1_175' title='bbox 32 1895 194 1945; x_wconf 86' lang='lat' dir='ltr'><strong>barba</strong></span> <span class='ocrx_word' id='word_1_176' title='bbox 222 1895 446 1944; x_wconf 78' lang='lat' dir='ltr'><strong>adesset.</strong></span> <span class='ocrx_word' id='word_1_177' title='bbox 521 1896 698 1970; x_wconf 65' lang='lat' dir='ltr'><strong>Quam}</strong></span> <span class='ocrx_word' id='word_1_178' title='bbox 722 1914 835 1944; x_wconf 87' lang='lat' dir='ltr'><strong>cum</strong></span> <span class='ocrx_word' id='word_1_179' title='bbox 865 1896 929 1944; x_wconf 87' lang='lat' dir='ltr'><strong>cl.</strong></span> <span class='ocrx_word' id='word_1_180' title='bbox 970 1894 1258 1943; x_wconf 83' lang='lat' dir='ltr'><strong>Trinius</strong></span> <span class='ocrx_word' id='word_1_181' title='bbox 1297 1894 1352 1941; x_wconf 89' lang='lat' dir='ltr'><strong>in</strong></span> <span class='ocrx_word' id='word_1_182' title='bbox 1385 1894 1491 1942; x_wconf 89' lang='lat' dir='ltr'><strong>suis</strong></span> <span class='ocrx_word' id='word_1_183' title='bbox 1525 1893 1714 1959; x_wconf 78' lang='lat' dir='ltr'><strong>plan-tis</strong></span> <span class='ocrx_word' id='word_1_184' title='bbox 1744 1891 1905 1940; x_wconf 82' lang='lat' dir='ltr'><strong>vidis-</strong></span> 
     </span>
     <span class='ocr_line' id='line_1_26' title="bbox 38 1962 1904 2030; baseline -0.002 -17"><span class='ocrx_word' id='word_1_185' title='bbox 38 1975 119 2014; x_wconf 89' lang='lat' dir='ltr'><strong>set</strong></span> <span class='ocrx_word' id='word_1_186' title='bbox 135 2001 148 2023; x_wconf 85' lang='lat'><strong>,</strong></span> <span class='ocrx_word' id='word_1_187' title='bbox 216 1964 330 2013; x_wconf 85' lang='lat' dir='ltr'><strong>istis</strong></span> <span class='ocrx_word' id='word_1_188' title='bbox 390 1982 424 2030; x_wconf 90' lang='lat' dir='ltr'><strong>p</strong></span> <span class='ocrx_word' id='word_1_189' title='bbox 439 1981 466 2012; x_wconf 94' lang='lat' dir='ltr'><strong>e</strong></span> <span class='ocrx_word' id='word_1_190' title='bbox 482 1983 512 2011; x_wconf 85' lang='lat' dir='ltr'><strong>n</strong></span> <span class='ocrx_word' id='word_1_191' title='bbox 530 1967 586 2013; x_wconf 90' lang='lat' dir='ltr'><strong>ic</strong></span> <span class='ocrx_word' id='word_1_192' title='bbox 604 1966 725 2013; x_wconf 86' lang='lat' dir='ltr'><strong>illa</strong></span> <span class='ocrx_word' id='word_1_193' title='bbox 740 1966 794 2013; x_wconf 89' lang='lat' dir='ltr'><strong>ti</strong></span> <span class='ocrx_word' id='word_1_194' title='bbox 858 1964 1052 2014; x_wconf 86' lang='lat' dir='ltr'><strong>nomen</strong></span> <span class='ocrx_word' id='word_1_195' title='bbox 1116 1965 1389 2029; x_wconf 86' lang='lat' dir='ltr'><strong>imponere</strong></span> <span class='ocrx_word' id='word_1_196' title='bbox 1460 1980 1566 2011; x_wconf 86' lang='lat' dir='ltr'><strong>non</strong></span> <span class='ocrx_word' id='word_1_197' title='bbox 1630 1962 1904 2010; x_wconf 81' lang='lat' dir='ltr'><strong>dubitavit.</strong></span> 
     </span>
     <span class='ocr_line' id='line_1_27' title="bbox 39 2033 1907 2101; baseline -0.002 -19"><span class='ocrx_word' id='word_1_198' title='bbox 39 2033 146 2101; x_wconf 77' lang='lat' dir='ltr'><strong>Setl</strong></span> <span class='ocrx_word' id='word_1_199' title='bbox 194 2034 348 2101; x_wconf 84' lang='lat' dir='ltr'><strong>paulo</strong></span> <span class='ocrx_word' id='word_1_200' title='bbox 383 2046 505 2099; x_wconf 86' lang='lat' dir='ltr'><strong>post</strong></span> <span class='ocrx_word' id='word_1_201' title='bbox 569 2036 611 2081; x_wconf 90' lang='lat' dir='ltr'>P</span> <span class='ocrx_word' id='word_1_202' title='bbox 629 2054 654 2084; x_wconf 88' lang='lat' dir='ltr'><strong>a</strong></span> <span class='ocrx_word' id='word_1_203' title='bbox 670 2053 703 2081; x_wconf 89' lang='lat' dir='ltr'><strong>n</strong></span> <span class='ocrx_word' id='word_1_204' title='bbox 722 2035 739 2082; x_wconf 86' lang='lat' dir='ltr'><strong>i</strong></span> <span class='ocrx_word' id='word_1_205' title='bbox 756 2052 781 2084; x_wconf 90' lang='lat' dir='ltr'><strong>c</strong></span> <span class='ocrx_word' id='word_1_206' title='bbox 801 2051 830 2082; x_wconf 95' lang='lat' dir='ltr'><strong>o</strong></span> <span class='ocrx_word' id='word_1_207' title='bbox 878 2035 912 2083; x_wconf 82' lang='lat' dir='ltr'>h</span> <span class='ocrx_word' id='word_1_208' title='bbox 930 2054 956 2083; x_wconf 88' lang='lat' dir='ltr'><strong>a</strong></span> <span class='ocrx_word' id='word_1_209' title='bbox 972 2034 1071 2082; x_wconf 91' lang='lat' dir='ltr'><strong>mb</strong></span> <span class='ocrx_word' id='word_1_210' title='bbox 1089 2033 1255 2082; x_wconf 85' lang='lat' dir='ltr'><strong>usifl</strong></span> <span class='ocrx_word' id='word_1_211' title='bbox 1274 2051 1302 2081; x_wconf 96' lang='lat' dir='ltr'><strong>o</strong></span> <span class='ocrx_word' id='word_1_212' title='bbox 1321 2053 1348 2080; x_wconf 90' lang='lat' dir='ltr'><strong>r</strong></span> <span class='ocrx_word' id='word_1_213' title='bbox 1366 2050 1395 2081; x_wconf 95' lang='lat' dir='ltr'><strong>o</strong></span> <span class='ocrx_word' id='word_1_214' title='bbox 1437 2033 1673 2100; x_wconf 85' lang='lat' dir='ltr'><strong>ejusdem</strong></span> <span class='ocrx_word' id='word_1_215' title='bbox 1731 2041 1907 2080; x_wconf 85' lang='lat' dir='ltr'><strong>aucto-</strong></span> 
     </span>
     <span class='ocr_line' id='line_1_28' title="bbox 37 2100 1907 2170; baseline -0.002 -18"><span class='ocrx_word' id='word_1_216' title='bbox 37 2103 112 2152; x_wconf 88' lang='lat' dir='ltr'><strong>ris</strong></span> <span class='ocrx_word' id='word_1_217' title='bbox 145 2103 209 2152; x_wconf 82' lang='lat' dir='ltr'><strong>ad</strong></span> <span class='ocrx_word' id='word_1_218' title='bbox 244 2120 336 2151; x_wconf 89' lang='lat' dir='ltr'><strong>nos</strong></span> <span class='ocrx_word' id='word_1_219' title='bbox 380 2100 609 2169; x_wconf 88' lang='lat' dir='ltr'><strong>perlato,</strong></span> <span class='ocrx_word' id='word_1_220' title='bbox 661 2105 761 2153; x_wconf 88' lang='lat' dir='ltr'><strong>hoc</strong></span> <span class='ocrx_word' id='word_1_221' title='bbox 806 2115 1043 2152; x_wconf 87' lang='lat' dir='ltr'><strong>nostrum</strong></span> <span class='ocrx_word' id='word_1_222' title='bbox 1099 2103 1586 2170; x_wconf 86' lang='lat' dir='ltr'><strong>penicillatum</strong></span> <span class='ocrx_word' id='word_1_223' title='bbox 1639 2117 1756 2150; x_wconf 88' lang='lat' dir='ltr'><strong>esse</strong></span> <span class='ocrx_word' id='word_1_224' title='bbox 1794 2117 1907 2149; x_wconf 89' lang='lat' dir='ltr'><strong>cer-</strong></span> 
     </span>
     <span class='ocr_line' id='line_1_29' title="bbox 34 2169 1906 2240; baseline -0.003 -19"><span class='ocrx_word' id='word_1_225' title='bbox 34 2173 202 2221; x_wconf 87' lang='lat' dir='ltr'><strong>tiores</strong></span> <span class='ocrx_word' id='word_1_226' title='bbox 231 2172 371 2231; x_wconf 84' lang='lat' dir='ltr'><strong>facti,</strong></span> <span class='ocrx_word' id='word_1_227' title='bbox 412 2173 715 2240; x_wconf 85' lang='lat' dir='ltr'><strong>spiculaque</strong></span> <span class='ocrx_word' id='word_1_228' title='bbox 750 2174 905 2221; x_wconf 88' lang='lat' dir='ltr'><strong>etiam</strong></span> <span class='ocrx_word' id='word_1_229' title='bbox 928 2185 980 2222; x_wconf 92' lang='lat' dir='ltr'><strong>et</strong></span> <span class='ocrx_word' id='word_1_230' title='bbox 999 2174 1204 2222; x_wconf 88' lang='lat' dir='ltr'><strong>·ramulo</strong></span> <span class='ocrx_word' id='word_1_231' title='bbox 1239 2174 1280 2219; x_wconf 92' lang='lat' dir='ltr'>P</span> <span class='ocrx_word' id='word_1_232' title='bbox 1296 2192 1322 2221; x_wconf 91' lang='lat' dir='ltr'><strong>a</strong></span> <span class='ocrx_word' id='word_1_233' title='bbox 1334 2191 1367 2219; x_wconf 89' lang='lat' dir='ltr'><strong>n</strong></span> <span class='ocrx_word' id='word_1_234' title='bbox 1382 2172 1398 2219; x_wconf 86' lang='lat' dir='ltr'><strong>i</strong></span> <span class='ocrx_word' id='word_1_235' title='bbox 1413 2189 1438 2221; x_wconf 91' lang='lat' dir='ltr'><strong>c</strong></span> <span class='ocrx_word' id='word_1_236' title='bbox 1454 2172 1471 2219; x_wconf 90' lang='lat' dir='ltr'><strong>i</strong></span> <span class='ocrx_word' id='word_1_237' title='bbox 1505 2190 1538 2238; x_wconf 91' lang='lat' dir='ltr'><strong>p</strong></span> <span class='ocrx_word' id='word_1_238' title='bbox 1554 2188 1581 2220; x_wconf 92' lang='lat' dir='ltr'><strong>e</strong></span> <span class='ocrx_word' id='word_1_239' title='bbox 1595 2190 1629 2219; x_wconf 92' lang='lat' dir='ltr'><strong>n</strong></span> <span class='ocrx_word' id='word_1_240' title='bbox 1645 2171 1736 2220; x_wconf 89' lang='lat' dir='ltr'><strong>ici</strong></span> <span class='ocrx_word' id='word_1_241' title='bbox 1752 2171 1837 2218; x_wconf 87' lang='lat' dir='ltr'><strong>lla</strong></span> <span class='ocrx_word' id='word_1_242' title='bbox 1854 2169 1906 2217; x_wconf 90' lang='lat' dir='ltr'><strong>ti</strong></span> 
     </span>
     <span class='ocr_line' id='line_1_30' title="bbox 39 2240 1905 2307; baseline -0.002 -18"><span class='ocrx_word' id='word_1_243' title='bbox 39 2244 132 2289; x_wconf 88' lang='lat' dir='ltr'><strong>Tr.</strong></span> <span class='ocrx_word' id='word_1_244' title='bbox 189 2241 394 2298; x_wconf 76' lang='lat' dir='ltr'><strong>donati,</strong></span> <span class='ocrx_word' id='word_1_245' title='bbox 460 2243 577 2300; x_wconf 89' lang='lat' dir='ltr'><strong>isti,</strong></span> <span class='ocrx_word' id='word_1_246' title='bbox 640 2243 967 2291; x_wconf 79' lang='lat' dir='ltr'><strong>adsentiente</strong></span> <span class='ocrx_word' id='word_1_247' title='bbox 1030 2243 1146 2291; x_wconf 80' lang='lat' dir='ltr'><strong>viro</strong></span> <span class='ocrx_word' id='word_1_248' title='bbox 1203 2241 1522 2291; x_wconf 83' lang='lat' dir='ltr'><strong>amicissimo</strong></span> <span class='ocrx_word' id='word_1_249' title='bbox 1538 2277 1550 2300; x_wconf 88' lang='lat'><strong>,</strong></span> <span class='ocrx_word' id='word_1_250' title='bbox 1575 2292 1580 2297; x_wconf 70' lang='grc'>,</span> <span class='ocrx_word' id='word_1_251' title='bbox 1619 2240 1905 2307; x_wconf 84' lang='lat' dir='ltr'><strong>pristinum</strong></span> 
     </span>
     <span class='ocr_line' id='line_1_31' title="bbox 37 2309 1308 2366; baseline -0.002 -6"><span class='ocrx_word' id='word_1_252' title='bbox 37 2311 81 2360; x_wconf 89' lang='lat' dir='ltr'><strong>P</strong></span> <span class='ocrx_word' id='word_1_253' title='bbox 96 2310 206 2360; x_wconf 86' lang='lat' dir='ltr'><strong>ani</strong></span> <span class='ocrx_word' id='word_1_254' title='bbox 222 2310 283 2360; x_wconf 86' lang='lat' dir='ltr'><strong>ci</strong></span> <span class='ocrx_word' id='word_1_255' title='bbox 321 2309 418 2359; x_wconf 82' lang='lat' dir='ltr'><strong>dis</strong></span> <span class='ocrx_word' id='word_1_256' title='bbox 436 2327 463 2360; x_wconf 91' lang='lat' dir='ltr'><strong>c</strong></span> <span class='ocrx_word' id='word_1_257' title='bbox 479 2309 586 2363; x_wconf 89' lang='lat' dir='ltr'><strong>olo</strong></span> <span class='ocrx_word' id='word_1_258' title='bbox 603 2312 698 2360; x_wconf 87' lang='lat' dir='ltr'><strong>ris</strong></span> <span class='ocrx_word' id='word_1_259' title='bbox 736 2329 930 2366; x_wconf 80' lang='lat' dir='ltr'><strong>nomen</strong></span> <span class='ocrx_word' id='word_1_260' title='bbox 968 2311 1308 2360; x_wconf 82' lang='lat' dir='ltr'><strong>restituimus.</strong></span> 
     </span>
    </p>
   </div>
   <div class='ocr_carea' id='block_1_6' title="bbox 390 2444 1557 2496">
    <p class='ocr_par' dir='ltr' id='par_1_6' title="bbox 390 2444 1557 2496">
     <span class='ocr_line' id='line_1_32' title="bbox 390 2444 1557 2496; baseline -0.001 -5"><span class='ocrx_word' id='word_1_261' title='bbox 390 2449 460 2492; x_wconf 81' lang='lat'><strong>56.</strong></span> <span class='ocrx_word' id='word_1_262' title='bbox 502 2444 852 2492; x_wconf 62' lang='lat' dir='ltr'>P&#39;ANICUM,</span> <span class='ocrx_word' id='word_1_263' title='bbox 887 2454 1478 2491; x_wconf 69' lang='lat' dir='ltr'><strong>PENICILLATUM.</strong></span> <span class='ocrx_word' id='word_1_264' title='bbox 1527 2445 1557 2496; x_wconf 59' lang='grc' dir='ltr'><strong>»ξ</strong></span> 
     </span>
    </p>
   </div>
   <div class='ocr_carea' id='block_1_7' title="bbox 0 2555 1912 2969">
    <p class='ocr_par' dir='ltr' id='par_1_7' title="bbox 0 2555 1912 2969">
     <span class='ocr_line' id='line_1_33' title="bbox 179 2555 1912 2625; baseline 0 -20"><span class='ocrx_word' id='word_1_265' title='bbox 179 2557 237 2611; x_wconf 83' lang='grc' dir='ltr'><strong>Ρ.</strong></span> <span class='ocrx_word' id='word_1_266' title='bbox 295 2558 506 2606; x_wconf 80' lang='lat' dir='ltr'><strong>racemo</strong></span> <span class='ocrx_word' id='word_1_267' title='bbox 564 2558 927 2624; x_wconf 85' lang='lat' dir='ltr'><strong>decomposito</strong></span> <span class='ocrx_word' id='word_1_268' title='bbox 976 2560 1188 2625; x_wconf 84' lang='lat' dir='ltr'><strong>patulo,</strong></span> <span class='ocrx_word' id='word_1_269' title='bbox 1244 2558 1521 2608; x_wconf 85' lang='lat' dir='ltr'><strong>racemulis</strong></span> <span class='ocrx_word' id='word_1_270' title='bbox 1566 2555 1912 2608; x_wconf 85' lang='lat' dir='ltr'><strong>subsecundis</strong></span> 
     </span>
     <span class='ocr_line' id='line_1_34' title="bbox 36 2625 1911 2695; baseline -0.001 -20"><span class='ocrx_word' id='word_1_271' title='bbox 36 2625 320 2684; x_wconf 83' lang='lat' dir='ltr'><strong>brevibus,</strong></span> <span class='ocrx_word' id='word_1_272' title='bbox 368 2627 678 2694; x_wconf 83' lang='lat' dir='ltr'><strong>pedunculis</strong></span> <span class='ocrx_word' id='word_1_273' title='bbox 731 2627 964 2685; x_wconf 86' lang='lat' dir='ltr'><strong>bissoris,</strong></span> <span class='ocrx_word' id='word_1_274' title='bbox 1019 2629 1233 2695; x_wconf 87' lang='lat' dir='ltr'><strong>spiculis</strong></span> <span class='ocrx_word' id='word_1_275' title='bbox 1278 2628 1741 2693; x_wconf 80' lang='lat' dir='ltr'><strong>ovato-ellipticis</strong></span> <span class='ocrx_word' id='word_1_276' title='bbox 1787 2644 1911 2675; x_wconf 86' lang='lat' dir='ltr'><strong>ner-</strong></span> 
     </span>
     <span class='ocr_line' id='line_1_35' title="bbox 39 2695 1911 2764; baseline 0 -19"><span class='ocrx_word' id='word_1_277' title='bbox 39 2696 208 2754; x_wconf 82' lang='lat' dir='ltr'><strong>vosis,</strong></span> <span class='ocrx_word' id='word_1_278' title='bbox 250 2696 437 2761; x_wconf 82' lang='lat' dir='ltr'><strong>glumis</strong></span> <span class='ocrx_word' id='word_1_279' title='bbox 474 2698 775 2764; x_wconf 79' lang='lat' dir='ltr'><strong>aequalibus</strong></span> <span class='ocrx_word' id='word_1_280' title='bbox 825 2698 1107 2747; x_wconf 80' lang='lat' dir='ltr'><strong>subulato·</strong></span> <span class='ocrx_word' id='word_1_281' title='bbox 1133 2698 1470 2755; x_wconf 69' lang='lat' dir='ltr'><strong>acuminatis,</strong></span> <span class='ocrx_word' id='word_1_282' title='bbox 1521 2695 1748 2746; x_wconf 83' lang='lat' dir='ltr'><strong>flosculo</strong></span> <span class='ocrx_word' id='word_1_283' title='bbox 1787 2697 1911 2745; x_wconf 83' lang='lat' dir='ltr'><strong>her-</strong></span> 
     </span>
     <span class='ocr_line' id='line_1_36' title="bbox 37 2765 1912 2833; baseline 0.001 -21"><span class='ocrx_word' id='word_1_284' title='bbox 37 2765 369 2831; x_wconf 86' lang='lat' dir='ltr'><strong>maphrodito</strong></span> <span class='ocrx_word' id='word_1_285' title='bbox 411 2766 524 2815; x_wconf 80' lang='lat' dir='ltr'><strong>basi</strong></span> <span class='ocrx_word' id='word_1_286' title='bbox 566 2768 998 2832; x_wconf 73' lang='lat' dir='ltr'><strong>appendiculam,</strong></span> <span class='ocrx_word' id='word_1_287' title='bbox 1057 2768 1227 2817; x_wconf 88' lang='lat' dir='ltr'><strong>culmo</strong></span> <span class='ocrx_word' id='word_1_288' title='bbox 1258 2768 1565 2816; x_wconf 85' lang='lat' dir='ltr'><strong>subramos⁰</strong></span> <span class='ocrx_word' id='word_1_289' title='bbox 1601 2766 1912 2833; x_wconf 83' lang='lat' dir='ltr'><strong>vaginisque</strong></span> 
     </span>
     <span class='ocr_line' id='line_1_37' title="bbox 39 2834 1911 2952; baseline 0.001 -71"><span class='ocrx_word' id='word_1_290' title='bbox 39 2834 279 2951; x_wconf 46' lang='lat' dir='ltr'><strong>glalljoriS,</strong></span> <span class='ocrx_word' id='word_1_291' title='bbox 302 2834 447 2952; x_wconf 50' lang='lat' dir='ltr'><strong>spijis</strong></span> <span class='ocrx_word' id='word_1_292' title='bbox 483 2837 699 2885; x_wconf 79' lang='lat' dir='ltr'><strong>cordato</strong></span> <span class='ocrx_word' id='word_1_293' title='bbox 719 2870 735 2878; x_wconf 90' lang='lat'>-</span> <span class='ocrx_word' id='word_1_294' title='bbox 754 2837 1058 2886; x_wconf 82' lang='lat' dir='ltr'><strong>lanceolatis</strong></span> <span class='ocrx_word' id='word_1_295' title='bbox 1085 2837 1283 2886; x_wconf 83' lang='lat' dir='ltr'><strong>strictis</strong></span> <span class='ocrx_word' id='word_1_296' title='bbox 1315 2855 1470 2902; x_wconf 87' lang='lat' dir='ltr'><strong>supra</strong></span> <span class='ocrx_word' id='word_1_297' title='bbox 1500 2834 1698 2904; x_wconf 82' lang='lat' dir='ltr'><strong>glabris</strong></span> <span class='ocrx_word' id='word_1_298' title='bbox 1729 2835 1911 2885; x_wconf 84' lang='lat' dir='ltr'><strong>subtus</strong></span> 
     </span>
     <span class='ocr_line' id='line_1_38' title="bbox 0 2916 468 2969; baseline 0.002 -19"><span class='ocrx_word' id='word_1_299' title='bbox 0 2930 1 2934; x_wconf 64' lang='lat'><em>=</em></span> <span class='ocrx_word' id='word_1_300' title='bbox 38 2920 110 2969; x_wconf 89' lang='lat' dir='ltr'><strong>pu</strong></span> <span class='ocrx_word' id='word_1_301' title='bbox 152 2916 350 2952; x_wconf 74' lang='lat' dir='ltr'><strong>escenti</strong></span> <span class='ocrx_word' id='word_1_302' title='bbox 395 2923 468 2953; x_wconf 86' lang='lat' dir='ltr'><strong>us.</strong></span> 
     </span>
    </p>
   </div>
   <div class='ocr_carea' id='block_1_8' title="bbox 0 2991 1912 3213">
    <p class='ocr_par' dir='ltr' id='par_1_8' title="bbox 0 2991 1912 3213">
     <span class='ocr_line' id='line_1_39' title="bbox 174 2991 1912 3058; baseline 0.003 -19"><span class='ocrx_word' id='word_1_303' title='bbox 174 2991 325 3039; x_wconf 73' lang='lat' dir='ltr'><strong>Var.</strong></span> <span class='ocrx_word' id='word_1_304' title='bbox 362 3011 407 3039; x_wconf 76' lang='grc' dir='ltr'><strong>α.</strong></span> <span class='ocrx_word' id='word_1_305' title='bbox 450 2992 636 3057; x_wconf 83' lang='lat' dir='ltr'><strong>glumis</strong></span> <span class='ocrx_word' id='word_1_306' title='bbox 689 2991 838 3058; x_wconf 79' lang='lat' dir='ltr'><strong>apice</strong></span> <span class='ocrx_word' id='word_1_307' title='bbox 894 3004 1071 3042; x_wconf 87' lang='lat' dir='ltr'><strong>setoso</strong></span> <span class='ocrx_word' id='word_1_308' title='bbox 1127 2992 1360 3042; x_wconf 82' lang='lat' dir='ltr'><strong>barbatis</strong></span> <span class='ocrx_word' id='word_1_309' title='bbox 1408 2992 1656 3042; x_wconf 81' lang='lat' dir='ltr'><strong>distincte</strong></span> <span class='ocrx_word' id='word_1_310' title='bbox 1705 2993 1912 3055; x_wconf 76' lang='lat'>5—7-</span> 
     </span>
     <span class='ocr_line' id='line_1_40' title="bbox 0 3060 320 3123; baseline 0.009 -18"><span class='ocrx_word' id='word_1_311' title='bbox 0 3066 3 3100; x_wconf 77' lang='grc' dir='ltr'>ῐ</span> <span class='ocrx_word' id='word_1_312' title='bbox 42 3060 320 3123; x_wconf 74' lang='lat' dir='ltr'><strong>ncrvibus3</strong></span> 
     </span>
     <span class='ocr_line' id='line_1_41' title="bbox 0 3131 1770 3213; baseline -0.002 -16"><span class='ocrx_word' id='word_1_313' title='bbox 0 3131 2 3135; x_wconf 17' lang='grc' dir='ltr'>ι</span> <span class='ocrx_word' id='word_1_314' title='bbox 177 3154 224 3197; x_wconf 78' lang='grc' dir='ltr'><strong>β,</strong></span> <span class='ocrx_word' id='word_1_315' title='bbox 263 3147 448 3213; x_wconf 81' lang='lat' dir='ltr'><strong>glumis</strong></span> <span class='ocrx_word' id='word_1_316' title='bbox 491 3146 638 3212; x_wconf 86' lang='lat' dir='ltr'><strong>apice</strong></span> <span class='ocrx_word' id='word_1_317' title='bbox 680 3147 864 3206; x_wconf 77' lang='lat' dir='ltr'><strong>nudis,</strong></span> <span class='ocrx_word' id='word_1_318' title='bbox 903 3148 1132 3208; x_wconf 83' lang='lat'><strong>3-5-,</strong></span> <span class='ocrx_word' id='word_1_319' title='bbox 1174 3151 1255 3196; x_wconf 80' lang='lat' dir='ltr'><strong>vcl</strong></span> <span class='ocrx_word' id='word_1_320' title='bbox 1287 3149 1321 3198; x_wconf 87' lang='lat'><em>5</em></span> <span class='ocrx_word' id='word_1_321' title='bbox 1347 3146 1770 3212; x_wconf 82' lang='lat' dir='ltr'><strong>-7-nervibus.</strong></span> 
     </span>
    </p>
   </div>
   <div class='ocr_carea' id='block_1_9' title="bbox 46 3231 1919 3594">
    <p class='ocr_par' dir='ltr' id='par_1_9' title="bbox 46 3231 1919 3594">
     <span class='ocr_line' id='line_1_42' title="bbox 181 3231 1912 3298; baseline -0.002 -16"><span class='ocrx_word' id='word_1_322' title='bbox 181 3235 331 3298; x_wconf 74' lang='lat' dir='ltr'><strong>(Var.</strong></span> <span class='ocrx_word' id='word_1_323' title='bbox 369 3235 446 3297; x_wconf 81' lang='grc' dir='ltr'><strong>β.)</strong></span> <span class='ocrx_word' id='word_1_324' title='bbox 518 3235 770 3283; x_wconf 84' lang='lat' dir='ltr'><strong>Panicum</strong></span> <span class='ocrx_word' id='word_1_325' title='bbox 813 3233 1275 3294; x_wconf 83' lang='lat' dir='ltr'><strong>bambusissorum‚</strong></span> <span class='ocrx_word' id='word_1_326' title='bbox 1332 3231 1484 3283; x_wconf 76' lang='lat' dir='ltr'><strong>Tria.</strong></span> <span class='ocrx_word' id='word_1_327' title='bbox 1515 3233 1664 3284; x_wconf 80' lang='lat' dir='ltr'><strong>Diss.</strong></span> <span class='ocrx_word' id='word_1_328' title='bbox 1701 3234 1765 3283; x_wconf 81' lang='lat' dir='ltr'><strong>de</strong></span> <span class='ocrx_word' id='word_1_329' title='bbox 1805 3231 1912 3281; x_wconf 82' lang='lat' dir='ltr'><strong>Pa-</strong></span> 
     </span>
     <span class='ocr_line' id='line_1_43' title="bbox 248 3301 1873 3368; baseline -0.001 -19"><span class='ocrx_word' id='word_1_330' title='bbox 248 3301 348 3350; x_wconf 83' lang='lat' dir='ltr'><strong>nic.</strong></span> <span class='ocrx_word' id='word_1_331' title='bbox 423 3302 576 3363; x_wconf 73' lang='lat' dir='ltr'><em>(Wdi</em></span> <span class='ocrx_word' id='word_1_332' title='bbox 605 3303 839 3368; x_wconf 74' lang='lat' dir='ltr'><strong>spiculus</strong></span> <span class='ocrx_word' id='word_1_333' title='bbox 875 3323 945 3352; x_wconf 71' lang='lat' dir='ltr'><strong>ex</strong></span> <span class='ocrx_word' id='word_1_334' title='bbox 973 3303 1135 3361; x_wconf 77' lang='lat' dir='ltr'><strong>Herb.</strong></span> <span class='ocrx_word' id='word_1_335' title='bbox 1168 3304 1236 3352; x_wconf 88' lang='lat' dir='ltr'><strong>cl.</strong></span> <span class='ocrx_word' id='word_1_336' title='bbox 1270 3301 1533 3362; x_wconf 55' lang='lat' dir='ltr'><strong>Fra-cheri,</strong></span> <span class='ocrx_word' id='word_1_337' title='bbox 1575 3313 1623 3353; x_wconf 84' lang='lat' dir='ltr'><strong>et</strong></span> <span class='ocrx_word' id='word_1_338' title='bbox 1651 3303 1873 3352; x_wconf 72' lang='lat' dir='ltr'><strong>iconem.</strong></span> 
     </span>
     <span class='ocr_line' id='line_1_44' title="bbox 168 3390 1917 3455; baseline 0.001 -19"><span class='ocrx_word' id='word_1_339' title='bbox 168 3390 394 3437; x_wconf 88' lang='lat' dir='ltr'><strong>-Culmus</strong></span> <span class='ocrx_word' id='word_1_340' title='bbox 439 3390 853 3455; x_wconf 71' lang='lat' dir='ltr'><strong>5—-6-pedalis</strong></span> <span class='ocrx_word' id='word_1_341' title='bbox 900 3392 1312 3450; x_wconf 77' lang='lat' dir='ltr'><strong>arundinaceus,</strong></span> <span class='ocrx_word' id='word_1_342' title='bbox 1364 3403 1603 3451; x_wconf 88' lang='lat' dir='ltr'><strong>erectus,</strong></span> <span class='ocrx_word' id='word_1_343' title='bbox 1680 3392 1917 3446; x_wconf 74' lang='lat' dir='ltr'><strong>strictus.-</strong></span> 
     </span>
     <span class='ocr_line' id='line_1_45' title="bbox 46 3458 1919 3528; baseline -0.002 -19"><span class='ocrx_word' id='word_1_344' title='bbox 46 3458 283 3509; x_wconf 75' lang='lat' dir='ltr'><strong>orassitic-</strong></span> <span class='ocrx_word' id='word_1_345' title='bbox 313 3474 516 3523; x_wconf 82' lang='lat' dir='ltr'><strong>pennae</strong></span> <span class='ocrx_word' id='word_1_346' title='bbox 553 3476 812 3525; x_wconf 83' lang='lat' dir='ltr'><strong>cygneae,</strong></span> <span class='ocrx_word' id='word_1_347' title='bbox 851 3472 1031 3521; x_wconf 82' lang='lat' dir='ltr'><strong>teres,</strong></span> <span class='ocrx_word' id='word_1_348' title='bbox 1068 3463 1309 3519; x_wconf 84' lang='lat' dir='ltr'><strong>striatus,</strong></span> <span class='ocrx_word' id='word_1_349' title='bbox 1348 3461 1560 3528; x_wconf 80' lang='lat' dir='ltr'><strong>glaber,</strong></span> <span class='ocrx_word' id='word_1_350' title='bbox 1602 3460 1755 3509; x_wconf 82' lang='lat' dir='ltr'><strong>nodis</strong></span> <span class='ocrx_word' id='word_1_351' title='bbox 1783 3459 1919 3506; x_wconf 82' lang='lat' dir='ltr'><strong>mul-</strong></span> 
     </span>
     <span class='ocr_line' id='line_1_46' title="bbox 124 3531 1301 3594; baseline 0 -9"><span class='ocrx_word' id='word_1_352' title='bbox 124 3549 313 3585; x_wconf 62' lang='lat' dir='ltr'><strong>nom</strong></span> <span class='ocrx_word' id='word_1_353' title='bbox 356 3549 580 3584; x_wconf 60' lang='lat' dir='ltr'><strong>uuasn„</strong></span> <span class='ocrx_word' id='word_1_354' title='bbox 635 3531 706 3585; x_wconf 94' lang='lat' dir='ltr'><strong>lI.</strong></span> <span class='ocrx_word' id='word_1_355' title='bbox 1227 3542 1301 3594; x_wconf 85' lang='lat'><strong>10</strong></span> 
     </span>
    </p>
   </div>
  </div>
 </body>
</html>
