2100 3882
141 139 248 191 556
332 135 677 187 Gnmmmm.
761 130 1125 199 Osssmnvario
1164 146 1472 181 Geopoch
1510 148 1579 179 ET
1619 146 1987 182 050013οΜ103..

139 283 364 333 tul-escit
381 284 461 345 (in
475 281 908 331 meridionalihus
939 292 1162 347 quatuor
1188 280 1504 347 quinqueve,
1533 279 1584 337 in
1614 278 1998 345 septentriona-

138 352 278 401 libus
293 353 597 418 regionibus
621 352 705 400 vix
729 351 894 399 tribus
921 350 1232 410 mensibus),
1274 350 1499 415 ideoque
1520 348 1600 396 bis
1626 365 1759 396 anno
1789 348 1998 398 colitur.

137 422 285 472 Haec
311 423 483 470 minor
503 421 739 480 varietas,
776 438 923 486 quam
955 420 1176 487 Hispani
1194 417 1528 467 Cuarenteno
1556 419 1833 483 appellant,
1859 416 2001 484 quod

140 490 197 540 in
251 491 682 540 meridionalibus
747 490 1030 555 Hispaniae
1092 489 1401 555 regionibus
1467 487 1670 536 duobus
1733 486 2002 536 mensibus

138 561 479 618 maturescit,
547 560 738 607 minori
791 570 986 608 statura
1050 559 1448 625 minoribusque
1507 557 1682 623 granis
1735 554 1997 613 distincta,

138 630 358 680 circiter
411 629 801 696 vigintuplieem
863 640 948 677 aut
1012 628 1426 695 trigintuplicem
1471 627 1699 676 fructum
1751 635 1995 691 praestat.

136 700 284 750 Haec
317 699 494 765 'igitur
543 716 598 748 se
638 715 702 746 eo
745 698 1097 757 commendat,
1151 698 1291 764 quod
1331 709 1383 745 et
1424 697 1568 745 ocius
1613 694 2003 743 maturescitxet

137 785 304 836 usque
354 768 419 832 ad
459 785 681 816 messem
724 769 1052 817 continuatos
1099 768 1306 816 labores
1356 766 1568 814 omnino
1606 783 1712 813 non
1748 764 1998 830 postulat,

140 854 272 904 quos
313 837 480 903 major
506 839 592 886 illa
625 839 830 904 plantae
867 838 1073 904 species
1110 836 1354 903 requirit.
1441 838 1585 885 Haec
1624 835 1686 883 ab
1735 833 2000 900 indigenis

140 924 206 956 ex
259 909 439 957 colore
492 919 545 957 et
590 907 946 973 magnitudine
999 923 1280 973 granorum
1336 906 1387 953 in
1442 907 1589 970 plura
1629 921 1823 971 genera
1864 902 1999 964 (1191-

138 976 316 1032 ditur,
357 994 574 1043 quorum
603 977 810 1026 nomina
848 977 948 1043 jam
994 995 1148 1040 supra
1188 979 1265 1041 (p.
1302 975 1449 1034 311.)
1487 974 1861 1023 annotavimus.
1917 1002 1928 1015 ·

272 1047 556 1113 Postquam
579 1048 832 1113 sylvarum
870 1046 1248 1112 exstirpatione
1288 1056 1339 1092 et
1376 1044 1630 1093 imbribus
1671 1043 1837 1091 solum
1875 1042 2000 1092 satis

136 1128 504 1182 praeparatum
544 1129 649 1174 est,
699 1121 842 1181 Mays
884 1116 946 1164 ab
985 1114 1334 1180 Aethiopibus
1371 1115 1538 1162 servis
1579 1114 1704 1168 (1100
1744 1112 1883 1160 0111111
1920 1122 2000 1160 est

136 1184 388 1234 miserum
425 1185 693 1235 hominum
730 1203 892 1252 genus
915 1221 926 1243 ,
985 1185 1069 1234 eui
1106 1184 1376 1249 hucusque
1414 1185 1523 1232 sola
1560 1182 1837 1231 Amen-icae
1875 1198 2000 1247 ager

135 1253 242 1320 ipsi
293 1256 493 1305 alienus
558 1256 810 1305 colendus
872 1257 975 1317 est)
1033 1254 1135 1302 hoe
1184 1253 1340 1302 modo
1402 1254 1614 1302 seritur.
1709 1250 1999 1317 Aethiopes

136 1322 260 1374 huic
297 1326 449 1391 Operi
488 1326 734 1374 destinati
773 1326 827 1372 in
866 1342 965 1372 una
1003 1323 1143 1372 serie
1182 1335 1507 1380 statuuntur,
1565 1322 1779 1372 circiter
1817 1321 1999 1370 decem

134 1393 301 1458 pedes
352 1395 582 1444 invicem
644 1395 926 1453 distanteS,
994 1395 1265 1460 solumque
1324 1393 1588 1458 ligonibus
1653 1389 1994 1453 (Enclzadas)
2054 1421 2070 1438 .

133 1463 407 1528 aperiunt,
460 1465 579 1513 (lum
633 1476 825 1513 terram
868 1464 1135 1529 paululum
1185 1462 1460 1511 retrahunt
1507 1478 1667 1528 seque
1705 1473 1850 1509 retro
1888 1478 1998 1508 mo-

135 1543 321 1582 ventes
360 1535 499 1584 circa
539 1534 640 1582 duo
677 1534 841 1600 pedes
880 1534 1085 1599 longius
1135 1533 1305 1582 simile
1352 1532 1589 1597 foramen
1625 1531 1839 1580 faciunt.
1913 1532 1995 1578 In-

137 1612 221 1650 ter
255 1602 409 1651 binos
446 1603 632 1653 horum
672 1603 1038 1670 operariorum
1073 1604 1260 1665 tertius
1300 1603 1431 1651 alius
1468 1613 1595 1660 stat,
1654 1601 1759 1649 illis
1809 1600 2000 1649 faciem
2067 1629 2077 1637 r

134 1671 448 1732 obvertens,
521 1674 611 1740 qui
664 1674 718 1721 in
771 1674 933 1722 corbe
988 1673 1182 1721 semina
1216 1667 1434 1738 portat,
1506 1688 1726 1737 quorum
1774 1671 1898 1719 bina
1946 1670 1999 1718 111

135 1741 411 1807 quodlibet
449 1742 689 1792 foramen
727 1743 914 1810 injicit.
989 1743 1108 1819 Quo
1146 1743 1285 1793 facto
1328 1760 1386 1790 ea
1425 1743 1558 1807 tegit
1595 1741 1792 1807 aliquid
1828 1752 2001 1789 terrae

132 1811 275 1877 pede
309 1812 580 1862 illinendo.
657 1814 773 1862 Tali
812 1812 967 1861 modo
1004 1830 1219 1879 magnus
1256 1829 1380 1879 ager
1405 1811 1557 1860 brevi
1596 1822 1834 1876 tempore
1874 1827 2000 1858 con-

137 1881 247 1929 seri
283 1894 474 1947 potest.
547 1887 606 1932 In
643 1885 846 1952 aliquot
874 1884 1182 1948 regionibus
1211 1883 1360 1930 valde
1395 1881 1523 1930 sicci
1557 1881 1775 1929 climatis
1806 1880 2003 1928 semina

134 1961 409 2017 antequam
441 1963 719 2012 seruntur,
779 1952 933 2001 etiam
966 1954 1021 2001 in
1048 1970 1176 2019 aqua
1202 1950 1456 2000 macerari
1489 1950 1691 2008 solent,
1742 1962 1797 1998 ut
1832 1948 2001 1998 incre-

135 2032 367 2069 mentum
405 2021 649 2087 juvetur,
703 2034 755 2071 et
791 2022 836 2071 si
868 2023 1085 2070 colonus
1122 2033 1362 2079 veretur,
1414 2038 1481 2068 ne
1524 2019 1763 2085 psittaci,
1805 2020 2001 2067 colum-

132 2088 232 2138 bae
277 2102 328 2139 et
360 2092 488 2139 aliae
520 2108 642 2140 aves
689 2109 971 2158 granorum
1017 2091 1204 2140 edaces
1241 2101 1473 2157 segetem
1521 2100 1732 2149 eruant,
1783 2089 1884 2138 1100
1921 2089 1999 2136 111-

131 2158 338 2208 terdum
375 2161 450 2210 sic
482 2161 742 2228 impedire
774 2172 954 2220 tentat,
994 2173 1050 2209 ut
1078 2179 1235 2227 grana
1268 2161 1321 2208 in
1356 2160 1575 2208 decocto
1610 2159 1804 2207 herbae
1838 2160 1998 2207 Pau-

119 2227 348 2291 -liniae
385 2231 710 2295 pinnatae
749 2243 834 2279 aut
862 2232 1073 2279 aliarum
1104 2231 1394 2296 plantarum
1433 2229 1853 2277 veneniferarum
1890 2246 1995 2276 ma-

131 2310 307 2359 ceret,
348 2301 534 2366 quibus
582 2301 688 2350 esis
737 2318 860 2350 aves
912 2300 965 2348 111
1014 2301 1254 2349 morbum
1303 2300 1569 2358 incidunt,
1628 2299 1993 2365 extemploque

132 2379 240 2418 sata
275 2371 513 2435 populari
553 2371 826 2420 desistunt.

275 2443 404 2491 Cum
456 2440 640 2507 Mayde
693 2439 956 2490 interdum
1019 2439 1253 2489 fabarum
1308 2438 1515 2505 speeies
1570 2435 1780 2501 (Fejdes
1831 2435 2000 2496 lusit.)
2070 2435 2085 2440 ‘⁷

137 2507 291 2558 simul
343 2520 395 2557 et
448 2511 747 2575 promiscue
808 2511 1081 2568 coluntur,
1136 2521 1192 2557 ut
1245 2509 1463 2557 Phase
1484 2509 1631 2556 olus
1686 2507 1996 2563 derasus,

133 2580 610 2638 mesoleucos,
677 2579 1013 2629 Dolichos
1072 2578 1397 2627 sinensis.
1468 2581 1562 2627 Ex
1607 2577 1709 2626 1100
1752 2595 1849 2626 11511
1896 2576 1999 2624 due

133 2660 418 2697 nascuntur
449 2650 749 2709 commoda,
791 2650 931 2716 quod
979 2666 1134 2698 servo
1186 2649 1340 2715 nigro
1387 2660 1561 2714 gratus
1601 2647 1889 2713 acquiritur
1919 2646 1994 2695 vi-

134 2727 248 2766 ctus
297 2718 604 2787 Maydisque
667 2721 1050 2768 incrementum
1116 2730 1488 2783 promovetur,
1574 2717 1691 2783 quia
1730 2716 1879 2765 sabae
1913 2733 2000 2764 va-

133 2786 260 2834 riam
288 2789 538 2837 zizaniam
572 2789 884 2855 prohibent,
919 2788 1179 2854 culmique
1206 2788 1394 2854 pedem
1424 2787 1728 2835 adumbrant
1752 2797 1804 2834 et
1825 2798 1998 2835 custo-

134 2855 292 2905 diant.
423 2878 539 2907 uum
581 2860 753 2925 planta
811 2859 962 2906 unius
1002 2858 1153 2923 pedis
1207 2858 1423 2907 circiter
1464 2856 1788 2905 altitudinem
1831 2854 2002 2920 attigit

133 2935 188 2973 et
218 2943 394 2975 nonnu
420 2930 465 2977 la
488 2929 614 2977 solia
655 2928 858 2987 emisit,
912 2946 1090 2977 arvum
1133 2928 1407 2975 mundatur
1440 2944 1496 2975 ac
1531 2943 1718 2975 recens
1749 2937 1889 2973 terra
1927 2924 1999 2990 ja-

136 2993 274 3044 citur
307 2998 444 3048 circa
475 2999 719 3048 radicem.
760 3000 902 3047 Haec
942 3009 1020 3045 est
1049 2998 1198 3047 unica
1230 3015 1420 3064 opera,
1459 3013 1587 3061 quae
1621 2994 1795 3059 Maydi
1823 2994 2000 3043 colen-

140 3062 236 3112 dae
272 3065 327 3113 in
362 3068 582 3116 Brasilia
626 3080 874 3127 navatur‚
930 3066 1020 3114 ubi
1055 3079 1107 3115 et
1135 3068 1496 3116 consertorum
1531 3064 1855 3113 evulsionem
1891 3063 1999 3112 cul-

137 3151 339 3183 morum
369 3148 422 3185 et
447 3138 787 3186 mascularum
817 3137 1167 3202 panicularum
1196 3135 1572 3185 abscissionem
1606 3134 1656 3181 in
1689 3133 1846 3182 culmi
1872 3129 1993 3191 fine,

137 3220 269 3269 quae
308 3204 409 3255 duo
439 3206 675 3254 laborum
705 3223 897 3272 genera
936 3207 989 3253 in
1032 3207 1207 3258 multis
1240 3208 1482 3270 Europae
1520 3204 1827 3267 regionibus
1862 3201 1997 3252 obti-

133 3285 280 3333 nent,
307 3293 522 3342 prorsus
542 3276 800 3341 ignorant.
854 3278 982 3322 Tam
1002 3275 1266 3324 fortunata
1289 3274 1424 3322 enim
1445 3284 1523 3321 est
1551 3273 1634 3321 illa
1659 3273 1803 3322 orbis
1828 3273 1994 3339 plaga,

138 3353 197 3391 ut
232 3344 347 3393 fere
386 3346 571 3394 unicus
607 3344 868 3411 agricolae
913 3345 979 3392 sit
1012 3344 1178 3401 labor,
1224 3360 1354 3410 quae
1393 3342 1605 3397 severit,
1652 3354 1864 3391 metere.
1924 3340 1996 3390 ⁷Si

136 3410 392 3463 foeminei
433 3415 670 3480 spadices
707 3412 894 3462 maturi
926 3426 1070 3473 sunt,
1140 3426 1392 3462 una'cum
1418 3413 1613 3477 spathis
1643 3413 1998 3476 decerpuntur

136 3493 291 3549 atque
334 3484 388 3533 in
420 3484 620 3549 siceum
661 3494 713 3533 et
751 3482 863 3534 aeri
905 3483 1201 3551 expositum
1243 3480 1537 3532 aedificium
1591 3482 1859 3541 feruntur,
1909 3479 1998 3529 ubi
