2100 3882
185 137 291 209 54'2
498 149 849 201 Gammausa.
923 146 1277 198 On‘sssnuzrxo
1317 159 1499 194 euocn
1508 152 1720 195 231³chss

172 315 233 354 ut
274 300 524 351 Paniceis
577 297 776 347 nostris
826 295 984 346 etiam
1035 293 1411 345 Saccharineas
1467 293 1742 352 addamus,
1796 294 2033 362 reliquas

169 390 300 435 vero
358 388 541 422 omnes
591 368 817 416 familias
870 366 1087 430 nomine=
1133 368 1459 413 Poacearum
1502 364 2031 429 comprehendamus,

175 445 232 491 in
269 460 317 491 R.
358 457 610 489 Bnowml
650 437 817 501 prima
849 436 988 485 tribu
1018 434 1146 494 264,
1185 435 1238 482 in
1270 433 1433 482 altera
1470 432 1560 497 139
1597 434 1804 499 species
1841 446 2031 495 erunt3

168 507 308 562 unde
333 509 602 577 sequitur,
643 507 894 554 Paniceas
926 504 979 552 in
1014 504 1235 552 Brasilia
1270 504 1430 551 multo
1467 501 1862 569 frequentiores
1898 520 2030 560 esse,

169 599 228 630 ac
257 582 306 628 in
331 583 470 628 Nova
505 575 800 626 Hollandia.
876 577 940 622 At
969 590 1095 622 vero
1129 574 1287 621 etiam
1315 574 1367 619 in
1404 572 1627 619 Brasilia
1662 573 1880 620 maxima
1906 570 2029 637 ‘pars

172 652 314 699 inter
368 653 724 714 Aequatorem
776 655 828 692 et
880 644 1169 710 Tropicum
1215 642 1530 706 Capricorni
1574 641 1912 696 continetur,
1978 653 2032 690 et

166 720 319 785 hujus
364 718 593 784 denique
640 713 849 763 numeri
891 731 1012 778 pars
1064 713 1220 778 longe
1261 712 1439 777 potior
1483 711 1697 759 nonnisi
1748 711 1926 776 paucis
1968 712 2034 759 ab‘

170 793 475 856 Aequatore
504 784 753 854 gradibus
779 783 1001 832 recedit.
1074 784 1260 847 Longe
1295 782 1451 829 aliter
1486 798 1600 828 sese
1635 780 1828 828 habent
1856 782 2008 845 *Agro

172 872 316 908 steae
344 874 401 906 ac
444 858 658 920 Stipeae
680 890 692 911 ,
722 870 863 920 quae
891 853 955 901 ad
988 854 1342 914 Aequatorem
1381 851 1463 897 vix
1493 866 1550 898 ac
1592 866 1657 896 ne
1693 850 1775 899 vix
1822 850 2036 917 quidem

171 938 487 983 occurrunt,
526 941 744 972 numero
775 933 947 971 tamen
990 932 1273 986 augentur,
1328 937 1433 986 quo
1482 919 1700 984 propius
1742 919 1806 967 ad
1851 919 2037 985 Capri*

170 998 322 1047 corni
361 995 615 1044 circulum
648 992 873 1043 venitur.
963 990 1281 1040 Chlorideae
1331 988 1546 1055 quidem
1587 989 1728 1037 inter
1770 991 2037 1055 Aequato·

168 1084 283 1116 rem
341 1065 741 1132 Tropicumque
800 1061 927 1109 satis
971 1058 1321 1126 aequabiliter
1369 1056 1592 1106 diffusae
1652 1059 1933 1115 videntur,
1985 1069 2038 1106 et

170 1137 640 1186 Saccharinearum
698 1148 947 1180 numerus
997 1128 1162 1192 major
1213 1128 1325 1176 fors
1369 1139 1513 1175 extra
1565 1129 1851 1193 Tropicum
1889 1128 2037 1176 habi-

114 1230 122 1235 ·
171 1217 275 1267 tat3
310 1205 498 1273 quibus
519 1204 676 1253 etiam
696 1204 750 1250 in
767 1198 1074 1265 regionibus
1092 1198 1437 1246 Hordeaceac
1455 1193 1860 1253 aut'omnes,aut
1887 1210 2037 1246 certe

172 1293 297 1334 eae,
358 1291 490 1342 quae
537 1273 704 1338 probe
745 1281 1095 1334 spontaneae,
1152 1267 1427 1325 habitant,
1491 1278 1542 1313 et
1594 1284 1726 1334 quae
1774 1269 2035 1326 coluntur,

170 1363 360 1411 magno
406 1355 663 1408 proventu
713 1342 969 1389 cultorem
1005 1349 1441 1394 remunerantur,
1494 1336 1615 1383 dum
1662 1338 1800 1384 intra
1844 1337 2039 1403 Tropi-

170 1431 290 1464 cum
315 1432 419 1462 non
451 1413 556 1461 nisi
594 1413 647 1459 in
691 1408 951 1474 ejusmodi
988 1407 1120 1456 locis
1160 1407 1529 1462 inveniuntur,
1577 1423 1711 1473 quae
1750 1423 1836 1453 sua
1873 1423 2037 1472 super

171 1485 444 1535 Oceanum
517 1482 794 1530 altitudine
861 1477 1014 1526 clima
1073 1494 1239 1526 zonae
1304 1487 1630 1538 temperatae
1693 1476 2036 1524 aemulantur.

168 1553 517 1610 Bambuseis,
559 1551 702 1618 quod
729 1546 879 1598 valde
908 1547 1097 1604 doleO,
1156 1545 1515 1594 examinandis
1557 1544 1609 1592 id
1654 1562 1850 1610 operae
1901 1545 2039 1594 haud

173 1625 471 1689 impensum
504 1632 615 1678 est,
656 1631 711 1668 ut
741 1619 805 1667 de
829 1617 1130 1683 specierum
1155 1633 1373 1664 numero
1393 1615 1536 1663 ferre
1569 1615 1883 1663 sententiam
1912 1633 2036 1682 pos-

170 1696 298 1753 sim3
337 1692 387 1739 id
420 1691 632 1759 quidem
662 1701 863 1737 certum
899 1699 1005 1744 est,
1049 1686 1232 1733 multas
1271 1686 1455 1733 adesse
1486 1687 1722 1747 species.
1767 1703 1931 1752 quae,
1973 1685 2039 1732 li-

170 1775 255 1814 cet
279 1762 380 1827 jam
412 1763 525 1825 ipsa
563 1760 722 1808 culmi
755 1757 1001 1806 crassitie
1032 1767 1083 1804 et
1112 1755 1479 1822 geniculorum
1516 1754 1846 1821 longitudine
1867 1755 2034 1803 elon·

168 1835 369 1901 ginquo
419 1830 671 1879 distinctu
725 1827 948 1886 faciles,
1013 1836 1129 1874 vate
1178 1841 1362 1880 sacro,
1427 1836 1482 1871 ut
1531 1825 1603 1871 ait
1652 1826 1845 1879 Poeta,
1906 1825 1942 1872 i.
1988 1841 2033 1873 e.

166 1902 425 1953 Botanico
462 1900 825 1953 describente,
879 1895 1171 1944 adhucdum
1222 1905 1449 1942 careant..
1544 1894 1771 1942 Maximo
1814 1911 2034 1943 numero

168 1973 420 2039 regiones
458 1968 554 2035 sub
588 1971 705 2035 ipso
736 1971 1038 2033 [aequatore
1071 1964 1223 2020 sitaS,
1264 1981 1353 2012 seu
1391 1963 1492 2027 ipsi
1526 1962 1823 2027 adjacentes
1855 1980 2032 2014 amare

170 2044 449 2097 videntur,
490 2039 580 2087 uhi
629 2038 787 2087 etiam
832 2054 858 2083 a
905 2033 1113 2100 populis
1161 2032 1526 2097 aboriginibus
1575 2050 1689 2080 cum
1730 2049 1853 2081 cura
1892 2034 2035 2099 plan-

172 2123 378 2165 tantur,
415 2108 477 2158 ad
501 2107 768 2157 vallandos
795 2121 958 2170 pagos
996 2113 1176 2152 contra
1208 2101 1479 2150 hostilium
1509 2101 1739 2151 tribuum
1771 2103 2034 2153 incursus.

173 2185 294 2247 Ipse
327 2198 426 2247 ego
463 2179 514 2226 in
554 2178 716 2242 sylvis
749 2176 809 2223 ad
854 2172 1045 2222 {lumen
1075 2172 1271 2236 Japura
1313 2171 1572 2235 ejusmodi
1606 2171 1765 2222 densa
1809 2172 2036 2221 Bambu-

174 2269 379 2302 scarum
420 2248 643 2302 fruteta,
695 2246 914 2311 triginta
968 2254 1020 2291 et
1067 2242 1207 2309 quod
1250 2241 1458 2290 excedit
1513 2243 1674 2307 pedes
1719 2242 1852 2303 alta,
1907 2258 2035 2292 con-

172 2321 354 2388 spexi,
407 2319 589 2367 forsan
625 2315 946 2364 Bambusa
985 2310 1297 2360 latifolia
1334 2310 1558 2369 Runth„
1598 2310 1904 2372 efformata3
1945 2328 2035 2361 co-

171 2393 434 2456 mitesque
468 2388 613 2446 lndi,
653 2384 743 2434 ubi
768 2384 921 2449 nobis
950 2393 1331 2437 occurrerent,
1369 2382 1425 2430 id
1456 2393 1768 2447 argumento
1817 2382 1920 2430 sibi
1954 2381 2037 2430 di-

175 2461 365 2510 cebant
411 2475 556 2516 esse,
631 2456 756 2505 olim
813 2471 976 2520 pagos
1039 2451 1128 2500 hic
1180 2451 1389 2499 indicos
1440 2449 1793 2512 (Illallocas)
1845 2450 2032 2501 fuisse.

170 2534 394 2580 Praeter
439 2527 528 2575 has
574 2526 929 2578 Bambuseas,
997 2523 1255 2584 sylvarum
1316 2537 1496 2588 parum
1549 2538 1709 2586 super
1760 2520 2035 2570 Oceanum-
2096 2529 2100 2532 ⁴

172 2602 425 2650 elatarum
459 2597 522 2645 ad
556 2603 873 2645 Amazonum
902 2590 1121 2640 fluvium
1150 2602 1203 2638 et
1238 2589 1348 2655 ejus
1378 2589 1706 2639 confluentes
1736 2591 2032 2658 indigenas,

171 2671 297 2720 alias
328 2667 549 2716 maximo
569 2682 790 2713 numero
820 2664 1032 2711 illorum
1068 2678 1340 2710 nemorum
1373 2660 1517 2710 cives
1549 2660 1857 2719 observavi,
1898 2677 2034 2728 quae

171 2756 416 2805 magnum
445 2737 591 2785 illum
620 2735 899 2790 montium,
937 2732 1078 2798 juxta
1113 2748 1256 2779 oram
1304 2731 1643 2789 maritimam,
1698 2732 1840 2778 inter
1878 2732 2033 2794 Sote-

171 2802 386 2875 ropolin
432 2817 484 2855 et
530 2808 580 2856 S.
631 2804 941 2853 Catharinae
988 2801 1293 2865 provinciae
1335 2799 1568 2858 limites,
1637 2800 2034 2848 decurrentium

167 2890 391 2929 tractum
415 2914 426 2935 ,
480 2872 639 2923 Serra
676 2873 742 2921 do
784 2870 921 2921 Mm-
956 2872 1182 2928 dictum,
1231 2867 1504 2935 obtegunt.
1577 2872 1873 2918 Memoratu
1904 2886 2033 2919 vero

172 2948 572 3015 dignissimum,
652 2943 733 2992 his
791 2942 924 2991 locis
978 2939 1212 3005 gramina
1261 2938 1583 3002 hujusmodi¹
1617 2939 2031 2999 arborescentia,

173 3036 273 3067 una
300 3033 414 3065 cum
441 3013 669 3062 filicibus
700 3012 945 3061 arborum
973 3009 1222 3067 aemulis,
1262 3026 1367 3057 non
1408 3009 1470 3057 ad
1510 3009 1763 3055 montium
1801 3009 2030 3070 radices,

177 3087 269 3136 sed
315 3086 368 3133 in
412 3084 687 3132 altitudine
730 3082 1017 3148 praecipue
1068 3081 1427 3129 1800—2000
1470 3077 1663 3143 pedum
1695 3096 1852 3144 supra
1889 3095 2032 3128 mare

179 3171 494 3211 occurrere,
550 3169 839 3219 zonamque
888 3160 1086 3198 certam
1132 3147 1256 3195 hinc
1298 3147 1420 3196 inde
1478 3147 1844 3207 constituere,
1899 3149 2033 3197 citra

177 3244 328 3294 quam
357 3223 525 3272 forma
571 3222 742 3285 sylvae
774 3219 1065 3284 aboriginis
1106 3228 1366 3273 mutatur,
1424 3217 1828 3266 succedentibus
1875 3217 2033 3265 nimi-

171 3313 287 3345 rum
313 3293 588 3342 arboribus
618 3289 988 3338 humilioribus
1029 3286 1253 3352 aliisque
1291 3285 1541 3333 fruticum
1578 3284 1798 3345 formis,
1848 3286 2032 3353 quales

173 3366 292 3415 altis
326 3360 647 3430 planitiebus
678 3358 1048 3424 montibusque
1094 3355 1408 3402 interiorum
1454 3355 1735 3419 regionum
1782 3357 2034 3421 propriae

177 3445 324 3492 sunt,
365 3434 417 3480 in
449 3441 787 3496 conspectum
815 3426 1164 3475 venientibus.
1235 3426 1384 3471 Hanc
1416 3442 1602 3472 zonam
1635 3425 1934 3490 graminum·
1951 3441 2033 3472 ar·

173 3502 570 3553 borescentium
619 3500 673 3548 in
718 3514 907 3565 mappa
950 3492 1540 3562 (Vegetationscarte),
1591 3511 1726 3562 quae
1766 3493 2033 3546 itinerarii
