2100 3882
181 137 286 190 292
767 125 1115 177 Gammaus-
1185 126 1448 175 PAmu-u.

184 280 728 358 neari-sagittatae
763 275 1038 333 adnatae.
1079 309 1150 318 -ν
1198 275 1514 334 Flosculu's
1543 275 1880 333 foemineus
1919 295 2058 332 een-

183 366 382 433 traliS,
441 360 655 418 rhachi
704 357 1054 437 appositUS,
1125 358 1462 415 solitarius:
1519 357 1695 434 calyx
1752 356 2056 434 biglumiS,

183 446 398 526 glumis
459 440 936 501 membranaceis
977 439 1169 510 acutis
1212 437 1498 496 carinatis
1540 437 1808 495 flosculo
1846 458 2061 516 parum

181 525 558 606 longioribus
577 545 594 596 5
640 521 933 578 flosculus
972 519 1255 589 biralvis,
1301 518 1550 578 valvulis
1589 518 1882 577 coriaceis
1917 540 2057 578 ven·

182 608 426 668 tricosis
462 604 687 671 acutiS,
748 603 812 658 in
855 603 1056 658 fructu
1104 601 1424 657 induratiS.
1510 600 1839 657 Lodiculae
1880 613 1948 656 ut
1995 599 2059 656 in

180 688 462 747 masculis
476 729 492 755 ,
542 700 603 741 at
638 685 900 763 majores
941 697 1000 738 ct
1034 682 1223 759 magis
1259 682 1578 759 oblongae.
1670 681 1877 760 Stylus
1915 680 2058 737 sim-

180 773 351 852 plex3
409 769 626 845 stigma
683 765 931 822 bifidum
985 778 1301 820 exsertum.
1347 800 1428 809 —-
1471 763 1722 842 Spicula
1768 761 2058 818 termina-

180 855 256 912 lis
288 850 607 916 foeminea,
655 847 945 913 solitaria,
995 843 1276 921 oblonga,
1321 843 1864 923 glumispluribus‚
1913 843 2057 899 dua-

178 937 292 994 bus
355 928 756 989 exterioribus
812 925 1148 1004 oppositiS,
1216 925 1609 983 interioribus
1654 923 2056 982 incumbenti-

177 1018 324 1084 bus,
372 1012 708 1071 directione
748 1006 1169 1079 transversalij
1216 1005 1484 1063 flosculo
1520 1007 2010 1063 membranacea

341 1108 842 1171 Infloresccntia:
911 1106 1098 1185 Spica
1149 1105 1336 1161 densa
1388 1106 1728 1183 cylindrica
1786 1104 2053 1163 verticil-

175 1199 328 1266 lata,
376 1195 471 1251 axi
512 1189 841 1250 verticillos
874 1201 1228 1267 penetrante
1265 1200 1323 1242 et
1362 1187 1436 1243 ab
1472 1187 1691 1244 iisdem
1716 1202 1913 1256 tect0,
1960 1208 2054 1243 ar-

176 1280 462 1345 ticulata,
509 1276 573 1330 111
608 1270 898 1329 articulos
943 1266 1374 1347 cyathisormes
1415 1268 1704 1325 secedens
1732 1310 1750 1337 7
1799 1268 1903 1347 qui
1930 1268 2055 1325 sin·

175 1361 298 1439 guli
321 1357 679 1423 flosculum,
726 1350 994 1408 maribus
1030 1351 1297 1407 cinctum
1314 1390 1331 1418 ,
1379 1372 1514 1407 cum
1535 1350 1834 1407 rhacheos
1859 1363 2051 1430 parte,

177 1442 275 1500 cui
313 1440 452 1498 istic
484 1437 560 1494 ad
588 1434 765 1493 basin
806 1433 1166 1511 conjunctus
1208 1444 1327 1500 est,
1388 1432 1725 1489 continent.

339 1537 630 1598 Gramina
668 1555 916 1611 magna,
971 1531 1300 1600 fruticosa,
1368 1532 1780 1609 Olyrarum
1823 1528 2047 1610 specie.

174 1622 418 1682 Culmus
485 1617 860 1675 multinodis.
959 1615 1233 1693 Vaginae
1295 1612 1360 1669 in
1413 1612 1618 1669 multis
1672 1613 1844 1692 apice
1891 1610 2051 1668 ciliis

171 1704 374 1781 longis
428 1701 670 1758 fibrosis
720 1697 1045 1765 barbatae⁷
1116 1695 1381 1752 culmum
1438 1694 1516 1751 ad
1576 1695 1813 1773 apicem
1857 1712 2051 1771 usque

170 1788 529 1851 vestientes,
579 1784 640 1838 in
676 1778 987 1838 nonnullis
1040 1777 1182 1833 sctis
1222 1776 1610 1836 transversim
1647 1773 2050 1851 incumbenti-

170 1869 283 1926 bus
341 1866 667 1943 strigosae,
742 1861 917 1940 apice
975 1872 1292 1916 truncatae
1338 1858 1431 1916 vel
1474 1858 1863 1915 auriculatae.
1948 1854 2050 1911 Li-

171 1948 311 2028 gula
360 1947 595 2014 brevis,
662 1944 958 2001 coriacea.
1058 1940 1232 1996 Folia
1275 1939 1428 2010 lata,
1498 1940 1661 1997 haud
1716 1939 1802 1996 ita
1846 1937 2047 2016 longa,

169 2029 494 2113 petiolata,
541 2025 786 2093 striata,
833 2021 1194 2080 acuminata.

315 2146 601 2196 Observ.
681 2145 722 2191 A
761 2140 1099 2190 Cenchris
1149 2138 1404 2189 transitus
1452 2151 1594 2207 patet
1631 2139 1684 2186 in
1722 2140 1826 2188 hoc
1861 2154 2050 2204 genus,

173 2218 409 2270 omnium
443 2213 736 2280 graminum
780 2212 1002 2258 maxime
1039 2208 1417 2258 admirandum.
1491 2208 1744 2258 Perfecto
1784 2206 2052 2260 Cenchre-

170 2307 288 2338 rum
328 2286 604 2333 involucro
636 2281 1046 2347 distributisque
1076 2298 1171 2344 per
1212 2297 1364 2328 sexus
1408 2278 1657 2343 spiculis,
1700 2288 1924 2344 recepto
1958 2276 2053 2324 de-

172 2359 335 2425 nique
387 2355 467 2401 axi
503 2372 526 2401 a
567 2352 679 2400 basi
718 2361 1065 2416 penetrante,
1121 2349 1677 2397 Anthenanthias
1731 2346 2050 2415 praesertim

174 2428 322 2477 abire
359 2441 517 2490 posse
552 2422 604 2470 in
646 2420 907 2486 ejusmodi
950 2430 1264 2467 structuram
1313 2418 1598 2483 intelliges,
1677 2419 1783 2468 Sed
1826 2417 1926 2466 alia
1960 2431 2050 2465 oc-

173 2506 394 2548 currunt
436 2491 815 2556 contemplanti
850 2490 1015 2537 multo
1066 2489 1233 2556 magis
1279 2489 1662 2538 memorabilia.
1739 2487 2051 2538 Graminum

173 2566 373 2618 etenim
418 2579 751 2612 communem
782 2559 1036 2608 fabricam
1070 2558 1130 2606 ab
1163 2558 1397 2607 omnium
1432 2559 1726 2623 plantarum
1758 2555 1892 2607 ssore
1920 2555 2051 2604 alie-

171 2656 290 2687 nam
325 2651 441 2684 3556
472 2649 586 2680 cum
628 2648 785 2679 nemo
819 2629 911 2686 sit,
954 2628 1045 2694 qui
1079 2647 1180 2676 non
1213 2640 1531 2693 cognoscat,
1587 2645 1762 2694 neque
1789 2638 1965 2675 tamen
1995 2624 2052 2673 in

169 2723 338 2775 regno
371 2701 751 2770 vegetabilium
779 2699 1066 2766 quidquam
1087 2696 1206 2745 fieri
1233 2708 1461 2755 constet,
1502 2699 1644 2765 quod
1671 2699 1739 2744 sit
1765 2696 1881 2744 sine
1909 2711 2049 2744 nexu

172 2793 293 2825 cum
324 2773 577 2839 reliquis,
617 2786 718 2818 nec
748 2768 896 2836 quasi
938 2765 1279 2833 germinando
1328 2782 1392 2813 ex
1433 2766 1532 2815 alia
1569 2769 1788 2834 quadam
1829 2765 1912 2814 sui
1961 2780 2049 2813 or-

171 2846 310 2895 dinis
339 2842 520 2891 radice
553 2840 892 2907 progenitum
928 2849 1085 2903 atque
1130 2837 1183 2885 in
1221 2835 1536 2884 ulteriorem
1581 2837 1800 2902 gradum
1841 2837 2048 2884 incres-

173 2927 287 2975 cat,
329 2912 522 2961 merito
557 2915 610 2959 in
643 2926 756 2959 eam
781 2908 1163 2975 ,quaestionem
1205 2905 1557 2970 impellimur,
1609 2924 1708 2974 qua
1742 2905 1951 2954 ratione
1982 2919 2049 2953 ex

171 2986 269 3034 ista
308 2982 534 3049 partium
570 2978 941 3044 ‚dispositione
975 2976 1208 3035 alterna,
1264 2991 1431 3042 eaque
1470 2975 1733 3024 valvarum
1772 2990 1921 3024 more
1948 2988 2048 3038 per

173 3054 440 3119 duplicem
471 3050 665 3099 seriem
699 3047 1045 3112 oppositione
1085 3047 1290 3095 oriatur
1329 3044 1562 3112 denique
1602 3043 1702 3094 ssos
1747 3043 2046 3101 circularis,

172 3134 414 3173 centrum
458 3136 606 3167 suum
637 3118 979 3183 undiquaque
1018 3116 1234 3181 cingens
1279 3125 1334 3165 et
1374 3125 1622 3184 tanquam
1664 3114 1784 3165 axin
1823 3128 2047 3182 germen

171 3209 292 3244 oum
320 3188 650 3257 stigmatibus
675 3187 928 3236 ambiens.

305 3299 426 3346 Hoc
457 3305 634 3343 autem
666 3291 859 3351 mod0‚
912 3307 1010 3356 per
1057 3307 1214 3359 quem
1257 3307 1286 3340 e
1331 3291 1653 3343 valvularum
1702 3289 2043 3358 oppositione

168 3366 398 3436 fingatur
427 3363 525 3414 flos
563 3363 884 3427 completus,
935 3360 1099 3410 habes
1139 3361 1192 3408 in
1237 3359 1340 3410 isto
1393 3379 1591 3428 genere
1639 3364 1841 3413 clavem
1880 3359 2045 3410 viam-

171 3455 275 3507 que
305 3446 574 3502 apertam,
615 3450 715 3500 qua
752 3431 1016 3497 gignatur.
1091 3432 1288 3479 Ponas:
1327 3429 1475 3481 abire
1506 3433 1838 3482 involucrum
1879 3430 2043 3479 Cen-

172 3507 325 3559 chri
361 3517 450 3556 aut
485 3499 983 3569 Anthephorae
1014 3499 1283 3567 cujusdam
1315 3499 1374 3551 in
1409 3501 1631 3554 lacinias
1681 3518 1774 3555 seu
1803 3496 2043 3568 pedicel-
