2100 3882
38 102 383 151 GRAM1NEAE.
473 100 827 151 OBSERVATlo
870 118 1177 151 GEOPoch
1214 119 1282 149 ET
1322 117 1686 152 OECONOMmA.
1770 106 1869 158 561

33 246 204 296 culum
235 257 321 295 aut
362 247 416 296 in
450 248 663 296 corbem
715 248 981 313 colligunt.
1065 242 1266 297 Eodein
1301 259 1542 313 ternpore
1590 251 1861 315 operarius

32 316 229 364 culmos
281 317 579 374 conculcat,
640 328 696 363 ut
735 315 907 364 denuo
958 318 1292 375 radicentur,
1349 317 1530 384 sicque
1577 330 1695 381 post
1729 320 1861 369 duos

29 399 235 432 menses
272 385 604 449 spicilegium
654 379 840 444 (Soca)
884 384 1188 443 exhibeant,
1245 386 1385 452 quod
1419 403 1574 451 saepe
1603 387 1729 435 item
1759 388 1861 435 lar-

33 452 247 516 gissime
299 453 546 501 succedit.
619 454 730 499 Hac
772 454 977 500 ratione
1010 453 1265 519 Aethiops
1299 466 1506 502 centum
1550 454 1665 503 fere
1701 454 1861 505 libras

31 521 271 586 quotidie
325 521 591 569 demetere
642 531 833 583 potest.
916 523 974 568 ln
1018 526 1326 587 Maragnana
1372 523 1643 589 provincia
1691 524 1865 588 Oryza

34 606 414 654 saepenumero
465 606 563 636 una
620 603 736 635 cum
793 590 1052 654 Gossypio
1109 593 1328 644 colitur,
1391 593 1472 641 cui
1522 592 1664 641 illius
1703 594 1864 642 culmi

31 673 88 705 ac
148 657 272 706 folia
319 657 514 721 putridi
566 657 680 704 usui
741 668 871 704 sunt.
969 659 1050 705 Ad
1094 659 1407 722 separandos
1464 661 1668 724 Oryzae
1722 662 1864 711 solli-

31 724 175 774 culos
203 744 240 774 s.
271 727 464 790 glumas
490 725 757 792 hucusque
789 726 902 773 fere
933 726 1089 772 unice
1121 728 1347 775 molinae
1383 729 1711 777 adhibentur.
1758 732 1868 780 Sed

30 794 332 860 Maragnani
402 806 454 842 et
521 794 823 858 Soteropoli
913 794 1180 843 machinae
1269 798 1596 861 vaporariae'
1660 799 1867 848 institui

27 873 247 926 coeptae
303 873 435 910 sunt.
505 863 617 910 Jam
655 880 809 927 supra
859 863 935 926 (p.
973 865 1116 925 518.)
1165 877 1507 913 memoratum
1545 878 1653 926 est,
1705 867 1866 932 Ory-

31 947 167 978 zam
203 930 258 977 in
293 930 531 996 pluribus
580 932 834 980 Brasiliae
881 932 1189 998 regionibus
1229 935 1375 999 quasi
1413 939 1750 1000 spontaneam
1787 937 1868 984 in-

27 998 216 1050 veniri.
288 1002 403 1066 Ego
441 1000 555 1065 ipse
585 1000 646 1047 ad
680 1001 821 1065 ripas
848 1000 988 1048 lacus
1011 997 1245 1047 Canoma'
1276 1012 1328 1049 et
1366 1004 1589 1062 canalis,
1639 1005 1729 1071 qui
1748 1020 1866 1054 eum

29 1083 146 1116 cum
182 1069 499 1116 Amazonum
539 1066 752 1117 flumine
791 1069 1059 1135 conjungit
1098 1066 1269 1131 (Furo
1307 1069 1369 1117 de
1405 1071 1707 1136 Abacaxis)
1759 1092 1866 1122 am-

28 1137 141 1202 plas
175 1137 351 1203 plagas
391 1138 648 1200 Oryza,
689 1155 820 1204 quae
861 1138 950 1187 illo
989 1139 1105 1202 ipso
1143 1150 1382 1202 tempore
1419 1139 1709 1190 florescere
1747 1160 1869 1192 coe-

27 1217 204 1269 perat,
241 1216 403 1254 tectas
436 1206 557 1253 vidi⁴
612 1207 718 1256 Sub
753 1207 942 1255 iisdem
977 1207 1090 1255 sere
1130 1208 1521 1257 conditionibus
1559 1210 1611 1257 in
1649 1212 1866 1276 provin-

27 1274 109 1322 cia
147 1270 364 1339 Pc'aulzy*
399 1275 463 1322 ad
500 1271 601 1321 Rio
640 1271 971 1341 Parnalzyba
1009 1276 1304 1335 invenitur,
1351 1278 1538 1344 quibus
1576 1289 1749 1328 tamen
1785 1298 1869 1328 re-

31 1342 272 1409 gionibus
322 1343 525 1407 Oryzae
578 1343 781 1392 cultura
829 1362 987 1412 quum
1039 1362 1371 1410 summopere
1410 1347 1741 1414 frequentata
1778 1349 1865 1409 sit,

32 1411 173 1459 illam
235 1411 354 1460 heic
421 1412 656 1461 locorum
713 1429 775 1460 ex
827 1413 1116 1462 seminibus
1170 1431 1289 1462 casu
1343 1415 1641 1483 dispertitis
1700 1430 1870 1467 ortam

30 1496 177 1538 esse,
235 1480 465 1544 suspicio
517 1492 613 1529 est.
697 1483 820 1530 Pari
857 1482 1011 1532 modo
1050 1484 1333 1546 provenire
1372 1484 1426 1532 in
1462 1484 1746 1534 humilibus
1783 1503 1870 1534 re-

28 1548 273 1615 gionibus
320 1549 383 1596 ad
439 1545 692 1596 Madeira
752 1548 947 1599 flumen
1000 1552 1148 1609 sitis,
1217 1552 1646 1621 creberrimaque
1695 1555 1749 1604 in
1798 1554 1867 1603 iis

33 1617 231 1684 campis
267 1634 382 1666 esse
422 1618 645 1677 dicitur,
686 1621 775 1686 qui
813 1638 839 1667 a
867 1617 1167 1686 Paragnay·
1201 1619 1363 1670 fluvio
1401 1623 1682 1689 quotannis
1719 1624 1871 1672 inun-

30 1685 246 1744 dantur,
302 1686 489 1736 incolis
537 1699 587 1736 et
634 1684 791 1754 Lago
837 1688 930 1736 dos
982 1687 1244 1756 ..Xarctyes
1290 1692 1561 1740 nominati.
1640 1694 1776 1741 Num
1813 1694 1869 1740 in

32 1755 245 1803 istarum
296 1756 572 1821 regionum
621 1756 793 1821 planta
831 1758 1008 1806 eadem
1048 1759 1116 1807 sit
1153 1759 1388 1823 species,
1441 1778 1594 1827 quam
1642 1778 1871 1811 NEmsws

29 1834 212 1873 noster
247 1825 458 1873 nomine
509 1825 771 1889 Oryzae
825 1828 1215 1882 subulatae,
1267 1840 1526 1896 tamquam
1579 1829 1641 1895 ab
1681 1832 1872 1880 usitata

31 1892 289 1943 diversam
342 1893 672 1959 designavit,
735 1894 1051 1961 ignoramus.
1123 1895 1225 1944 Ubi
1280 1897 1332 1944 in
1382 1910 1520 1946 tanta
1574 1899 1752 1963 eopia,
1820 1910 1876 1948 et

30 1961 178 2029 quasi
215 1961 631 2025 siness‘shominum
671 1981 861 2028 opera,
915 1964 1139 2028 Oryza
1176 1978 1527 2032 propagatur,
1578 1967 1785 2016 Indiani
1819 1968 1876 2017 in

28 2041 271 2079 nutantes
309 2042 546 2097 segeteS,
598 2032 641 2080 si
674 2033 736 2080 ad
773 2034 1124 2082 maturitatem
1163 2050 1485 2098 pervenere,
1536 2037 1706 2096 vecti,
1757 2037 1875 2086 lon-

25 2099 104 2165 gis
142 2099 340 2148 baculis
382 2117 539 2165 grana
578 2112 774 2150 matura
812 2102 1104 2162 decutiunt,
1145 2104 1451 2171 cymbisque
1490 2121 1623 2171 quae
1662 2105 1871 2165 incidit,

29 2184 256 2219 messem
293 2167 503 2216 domum
541 2167 732 2218 ferunt.

164 2237 318 2311 Quod
356 2236 419 2285 ad
457 2237 728 2302 Oryzae
764 2237 1020 2287 culturam
1058 2239 1432 2288 emendandam
1470 2241 1687 2300 attinet,
1734 2241 1871 2291 nihil

32 2306 423 2355 memorandum
459 2305 662 2364 habeo,
700 2324 857 2372 quum
901 2307 1002 2356 hoc
1039 2325 1252 2374 gramen
1289 2319 1428 2358 tanta
1467 2325 1583 2358 cum
1620 2310 1875 2361 facilitate

32 2373 148 2423 sine
208 2375 367 2422 multa
425 2389 548 2423 cura
604 2386 657 2424 et
710 2376 853 2425 cultu
911 2377 1137 2442 optimas
1190 2394 1386 2426 messes
1442 2379 1723 2445 largiatur3
1773 2380 1877 2432 hoc

27 2460 188 2491 unum
236 2443 518 2507 optandum
571 2455 681 2504 est,
735 2455 792 2492 ut
828 2444 939 2510 ejus
975 2446 1174 2495 cultura
1213 2447 1370 2495 etiam
1407 2448 1462 2496 in
1501 2448 1607 2497 illis
1645 2459 1880 2505 tentetur

31 2511 357 2576 regionibus,
396 2529 527 2580 quae
564 2512 833 2581 hucusque
864 2531 977 2562 eam
1013 2532 1117 2564 non
1156 2527 1552 2566 concesserunt.
1593 2518 1682 2566 Sic
1705 2519 1877 2568 nomi-

27 2581 191 2628 natim
218 2580 368 2628 multi
394 2581 506 2645 agri
524 2581 780 2648 regionis,
824 2580 1191 2650 Goyatacazes
1218 2595 1450 2645 vocatae,
1489 2585 1748 2651 Oryzae
1786 2602 1880 2638 co-

31 2648 216 2697 lendae
253 2649 511 2714 aptissimi
567 2661 716 2711 sunt,
770 2667 888 2700 cum
938 2653 1222 2718 originitus
1257 2669 1359 2702 non
1400 2654 1588 2718 sylvis,
1630 2654 1723 2704 sed
1757 2672 1878 2723 gra-

31 2716 262 2766 minibus
299 2718 421 2766 tecti
459 2729 653 2767 essent.
725 2722 845 2785 Ipse
882 2721 1092 2787 quidem
1115 2757 1128 2779 ‚
1180 2721 1320 2789 quod
1356 2722 1543 2782 doleo,
1591 2722 1690 2773 hos
1738 2740 1878 2785 came-

34 2803 133 2851 pos
186 2787 516 2851 graminosos
572 2785 968 2853 (Campinas),
1041 2792 1132 2857 qui
1183 2792 1325 2838 inter
1375 2789 1474 2839 Rio
1530 2789 1777 2841 Macahe'
1823 2805 1880 2844 et

28 2852 134 2903 Rio
180 2852 416 2902 Paraiba
467 2870 616 2903 secus
676 2855 879 2906 Oceani
940 2876 1082 2907 oram
1140 2860 1491 2908 extenduntur
1528 2859 1773 2926 (Campos
1809 2862 1876 2912 de

31 2918 302 2982 Macahe',
368 2921 732 2989 Geributyba,
804 2923 1112 2991 Carabepzi,
1178 2925 1405 2990 Sabdes,
1478 2925 1752 2991 ,lagroaba
1792 2929 1879 2980 vel

41 2988 320 3051 Ubatuba,
373 2988 616 3051 Furado,
668 2991 1051 3055 Algodoeiros‚
1107 2992 1276 3044 Penta
1313 2996 1377 3044 de
1413 2993 1465 3045 S.
1518 2994 1744 3059 Thome'‚
1790 3000 1878 3051 vel

31 3056 287 3107 Boavista
325 3071 379 3108 et
417 3058 641 3126 Campos
693 3061 759 3109 do
808 3060 1040 3111 Par-niba
1091 3065 1173 3113 vel
1223 3065 1291 3112 da
1332 3063 1518 3133 I'raya
1557 3068 1749 3118 incolis
1787 3085 1880 3119 vo-

33 3129 239 3190 cantur)
290 3145 394 3177 non
442 3131 784 3194 perlustravi,
841 3150 997 3199 quum
1036 3150 1194 3193 vero,
1244 3135 1416 3184 multis
1464 3133 1674 3195 fluviis,
1727 3137 1877 3197 rivis,

31 3196 249 3244 lacubus
278 3213 336 3244 ac
362 3197 639 3262 paludibus
674 3197 914 3264 (Brejos)
954 3202 1176 3268 irrigui,
1212 3203 1369 3252 rebus
1407 3206 1673 3270 pecuariis
1709 3206 1877 3257 minus

33 3264 215 3314 idonei
261 3264 528 3324 dicantur,
569 3269 996 3336 proptereaquod
1026 3270 1415 3336 degenerantur
1449 3272 1649 3322 ibidem
1684 3289 1882 3340 pecare

32 3332 389 3382 etimbellicia
411 3345 464 3383 et
481 3351 636 3400 parva
669 3338 941 3405 minusq‘ue
973 3339 1169 3388 feracia
1194 3351 1248 3389 et
1283 3341 1448 3391 lactea
1484 3338 1631 3400 fiunt,
1667 3339 1881 3392 consul-

31 3411 141 3450 tum
187 3400 358 3462 foret,
420 3400 511 3451 has
557 3404 808 3468 regiones
857 3406 1063 3471 Oryzae
1122 3408 1322 3458 cultura
1377 3408 1683 3471 emendare,
1743 3425 1878 3478 quae

118 3491 309 3528 nona
342 3489 568 3530 missu..
604 3472 676 3531 ΙΙ.
1223 3472 1302 3540 30
