2100 3882
210 145 318 198 *562
409 143 753 191 GRAMOEEAE.
849 137 1203 188 Osssnnvario
1244 154 1552 190 enoromca
1592 156 1661 188 m·
1701 155 2062 190 oecononum.

214 301 366 342 certo
402 280 488 339 bic
527 289 719 352 eximie
756 287 1097 353 proveniret,
1148 287 1204 336 id
1240 287 1379 355 quod
1421 287 1578 337 etiam
1634 287 1904 337 arundinis
1954 306 2063 339 sac-

216 359 508 410 chariferae
562 357 637 405 ibi
686 357 857 406 cultae
906 357 1223 422 praestantia
1273 355 1574 406 confirmari
1627 358 1869 419 videtur3
1921 359 2066 422 cujus

211 446 339 481 vero
379 429 496 493 ipso
536 443 796 493 prospero
836 441 1081 474 successu
1114 425 1311 474 ibidem
1354 426 1548 475 factum
1587 437 1701 486 est,
1754 437 1811 475 ut
1847 427 2065 475 aliarum

211 499 505 565 plantarum
543 498 708 544 cultus
746 494 1125 562 negligeretur.
1199 496 1316 543 Alia
1352 497 1523 561 regio,
1563 495 1779 554 idonea,
1821 496 1873 542 in
1911 513 2065 563 quarn

214 568 422 630 Oryzae
467 564 784 613 beneficium
834 564 1141 629 diligentius
1193 563 1497 613 conferatur
1547 576 1627 613 est
1679 565 1920 614 locorum
1949 565 2066 625 de-

205 652 514 702 pressorum
539 645 729 682 tractus
751 633 889 696 juxta
907 631 1102 681 flumen
1120 630 1183 680 cle
1204 631 1254 681 S.
1281 630 1564 682 Frcmcisco
1590 632 1898 698 patentium.
1938 635 2060 687 Val-

203 705 334 755 lium
360 720 550 770 nempe
591 703 843 769 singular-i
882 702 1333 768 configuratione,
1377 720 1508 769 quac
1547 705 1647 752 late
1686 704 1740 751 in
1778 719 1928 768 agros
1968 701 2062 750 ssu-

205 774 280 823 vii
333 791 517 840 aquam
574 782 733 835 agunt
785 772 1218 834 (Sangrazlonros
1259 773 1462 820 incolae
1503 775 1713 830 vocant)
1766 771 1886 820 dum
1923 772 2061 820 intu-

206 845 427 899 muerit,
481 842 687 905 Oryzae
739 841 971 901 culturae
1040 841 1191 890 valde
1255 841 1554 893 fove-bitur.
1619 859 1718 890 nec
1775 841 2057 909 quidquam

203 923 421 979 praeter
460 911 770 959 industriam
807 911 989 967 deest,
1057 928 1160 976 quo
1214 910 1385 957 minus
1422 911 1476 957 in
1515 910 1594 958 his
1633 927 1844 978 quoque
1882 912 2062 976 regio-

205 980 380 1038 nibus,
421 980 778 1044 saepelinedia
810 979 1183 1038 laborantibus,
1224 979 1432 1027 salubre
1462 996 1519 1027 ac
1559 979 2065 1045 praestantissimum

207 1050 336 1099 illud
375 1050 672 1114 alima-ntum
707 1048 1051 1115 Producatur.

344 1123 411 1168 Et
450 1119 909 1167 lioosizsnientum
949 1136 973 1165 a
1014 1116 1321 1166 Cerealibus
1359 1117 1555 1165 nostris
1594 1117 1899 1182 vulgaribus
1936 1134 2063 1167 vere

203 1189 550 1255 distinguitur
588 1192 680 1245 eo,
722 1189 865 1255 quod
904 1188 1100 1234 nuilum
1154 1186 1203 1233 ei
1254 1185 1380 1234 insit
1432 1188 1640 1252 gluten,
1696 1186 1789 1235 sed
1838 1199 2060 1236 tantum-

204 1258 364 1307 modo
405 1259 648 1318 (circiter
687 1268 807 1306 octo
846 1257 1210 1320 decempartes
1265 1256 1450 1309 totius)
1503 1256 1755 1319 amylum.
1829 1269 1935 1306 tum
1974 1275 2062 1323 pa-

201 1346 320 1377 rum
372 1328 632 1394 quantitas
684 1327 934 1374 materiae
983 1341 1314 1392 gummosae‚
1384 1324 1660 1372 albuminis
1716 1325 2060 1384 dissolubilis,

203 1397 469 1445 sacchari.
510 1395 672 1443 fibrae
705 1395 1045 1462 vegetabilis,
1086 1405 1136 1442 et
1164 1394 1362 1460 aliquot
1397 1395 1581 1442 salium
1621 1395 1815 1442 indicia
1840 1431 1854 1456 7
1910 1413 2060 1461 prae-

202 1468 386 1516 sertim
430 1467 541 1513 calx
584 1465 961 1530 phosphorica.
1051 1467 1233 1529 Itaque
1274 1463 1442 1511 farina
1482 1464 1604 1511 inde
1654 1477 1961 1529 praeparata
1999 1465 2061 1513 ad

197 1553 387 1602 panem
415 1535 745 1601 coquendum
774 1534 1020 1582 similiter
1049 1550 1107 1580 ae
1137 1535 1273 1580 Zeae
1304 1551 1405 1581 non
1440 1545 1554 1593 apta
1586 1545 1682 1595 est,
1724 1551 1883 1600 quum
1915 1545 2057 1600 pasta

199 1606 284 1655 vix
309 1606 647 1664 intumescam
689 1605 780 1652 sed
810 1604 862 1651 in
901 1603 1127 1669 coquina
1161 1602 1328 1650 solum
1361 1602 1666 1657 adhibetur,
1719 1602 1807 1651 ubi
1840 1603 2056 1663 juscula,

199 1674 284 1723 vel
330 1673 383 1720 in
423 1673 617 1739 pultem
655 1684 893 1721 tenacem
951 1684 1102 1720 cocta
1143 1683 1195 1719 et
1240 1671 1382 1719 varia
1433 1672 1631 1719 cibaria
1671 1683 1950 1736 parantur,
2006 1673 2058 1720 in

198 1742 393 1811 quibus
437 1742 728 1791 condendis
790 1742 1079 1806 praecipue
1138 1741 1381 1789 Solani
1421 1742 1880 1804 Lycopersici
1922 1738 2061 1802 (To-

198 1820 387 1869 mate),
447 1824 530 1859 aut
568 1811 1089 1875 Capsici'annui
1129 1807 1455 1870 (Pisaeus-150)
1496 1810 1574 1858 vel
1610 1811 1891 1875 Capsici
1928 1811 2059 1859 fru-

198 1881 558 1937 tescentis
598 1877 867 1942 (P-t'menta
907 1878 1210 1945 malaqszela
1253 1897 1296 1925 v.
1340 1877 1683 1939 &off-numam)
1722 1880 1924 1928 fructus
1959 1898 2057 1945 pro

196 1951 403 2000 deliciis
443 1950 719 2005 habentur.
795 1951 1178 2015 Nonnunquam
1216 1948 1384 1996 farina
1435 1948 1634 2010 Maydis
1670 1948 1871 1997 farinae
1914 1965 2058 2010 com-

196 2021 469 2069 miscetur.
554 2020 762 2082 Oryzae
800 2036 993 2085 aquosa
1029 2018 1271 2066 decoctio
1307 2035 1401 2082 pro
1435 2019 1668 2066 diluente
1711 2029 1763 2065 et
1811 2019 2055 2066 sudoriti-

196 2106 260 2138 co
299 2088 538 2136 adhiberi
588 2099 789 2153 potest.
842 2088 997 2135 variis
1040 2088 1093 2133 in
1128 2087 1327 2134 morbis
1348 2123 1370 2150 ,ἱ
1416 2087 1534 2135 dum
1581 2087 2050 2152 transpirationein

196 2175 391 2225 augere
432 2158 498 2206 sit
534 2157 674 2210 utile.
760 2159 874 2230 Qua
918 2158 968 2203 iu
1009 2173 1066 2204 re
1107 2155 1263 2205 modo
1319 2155 1655 2214 saccharum,
1722 2156 1877 2205 modo
1928 2159 2047 2213 mel,

196 2229 356 2276 modo
388 2228 457 2274 sal
491 2226 709 2284 tartari,
763 2225 918 2274 modo
964 2241 1151 2273 succus
1192 2225 1312 2273 citri
1351 2237 1434 2272 aut
1472 2224 1772 2285 hujusmodi
1818 2226 1915 2273 alia
1962 2226 2050 2275 de-

197 2296 433 2346 coctioni
463 2296 737 2344 adduntur.
812 2295 1097 2357 Copiosum
1137 2305 1189 2343 et
1229 2294 1376 2343 valde
1406 2293 1665 2342 fervidum
1702 2294 1924 2342 bibitum
1955 2296 2058 2344 hoc

196 2367 418 2431 ‘simplex
451 2365 743 2413 remedium
784 2364 923 2413 haud
965 2381 1086 2413 raro
1130 2381 1296 2431 aeque
1334 2364 1471 2413 valet
1517 2376 1672 2431 atque
1723 2365 1920 2430 optima
1959 2365 2058 2413 alia

192 2434 531 2484 ,sudorificizn
612 2486 623 2499 ὀ

337 2505 511 2567 Oryza
544 2519 754 2571 quoque
792 2520 817 2550 a
852 2502 1263 2551 Brasiliensibus
1291 2501 1345 2550 in
1376 2500 1561 2550 calidis
1592 2501 1855 2551 alimentis
1898 2502 2057 2551 habe-

195 2584 314 2629 tur,
354 2584 510 2639 atque
542 2584 687 2630 sunt,
729 2572 817 2639 qui
850 2573 1043 2636 priscis
1081 2571 1425 2637 praejudiciis
1453 2571 1649 2621 addicti
1678 2571 1790 2635 ejus
1827 2573 1943 2621 usui
1973 2590 2056 2621 va·

194 2644 304 2691 rios
336 2643 550 2690 morbos
584 2642 832 2692 tribuant.
909 2641 997 2690 Sic
1046 2658 1419 2708 nonnunquam
1464 2640 1588 2689 huic
1628 2641 1743 2688 utili
1784 2640 2052 2690 frumento

194 2712 353 2761 idem
375 2710 536 2771 obiici
561 2711 766 2768 audivi,
808 2710 949 2778 quod
985 2710 1084 2775 jam
1124 2727 1366 2759 ssoxrmsv
1392 2710 1538 2770 (hist.
1569 2721 1671 2758 nat.
1705 2711 1900 2767 Indiae,
1938 2712 2050 2761 VM.

194 2799 247 2847 p.
283 2781 392 2842 3..)
433 2792 837 2837 commemorat,
903 2779 1175 2829 oculorum
1221 2779 1457 2836 morbOS,
1518 2790 1573 2827 ut
1617 2796 1792 2828 arcum
1828 2779 2056 2828 senilem

196 2850 274 2899 sic
308 2850 532 2904 dictunis.
575 2851 733 2898 immo
782 2866 907 2898 vero
952 2849 1267 2898 coecitatem
1307 2865 1335 2897 e
1387 2848 1577 2896 crebro
1626 2847 1832 2912 Oryzae
1869 2866 1964 2896 usu
2006 2850 2059 2895 in

191 2919 408 2984 nigritis
438 2919 676 2978 adduci3·
727 2935 909 2967 verum
952 2935 1051 2984 ego
1096 2917 1309 2985 quidem
1348 2916 1467 2965 illos
1514 2916 1728 2965 morbos
1771 2917 1948 2982 potius
1984 2918 2053 2965 vi-

191 2988 353 3037 vendi
382 2989 757 3041 consuetudini
797 2988 850 3035 in
896 2988 1086 3053 patulis
1113 2988 1449 3053 humidisque
1483 2987 1645 3040 casiS,
1696 2986 1950 3035 continuo
1994 2986 2050 3034 in

195 3056 330 3105 locis
363 3057 641 3122 coquendo
676 3057 924 3106 saccharo
974 3057 1249 3105 destinatis
1294 3055 1473 3104 ardori
1506 3067 1556 3104 et
1584 3053 1932 3118 immoderato
1965 3072 2049 3103 re-

196 3125 634 3191 centisliquoris
683 3126 959 3191 spirituosi
998 3143 1025 3174 e
1065 3125 1313 3174 saccharo
1353 3123 1523 3189 parati
1567 3119 1861 3181 (Caclzassa
1896 3123 2048 3184 dicti)
2084 3144 2096 3156 a

197 3194 319 3244 usui
351 3194 657 3242 tribuendos
692 3211 901 3243 censeo.
1058 3244 1063 3247 ,

338 3265 424 3312 1112
485 3263 651 3311 Venio
682 3278 817 3310 nunc
848 3263 912 3310 ad
950 3279 1161 3328 gramen
1196 3260 1310 3310 fere
1343 3259 1577 3308 omnium
1606 3260 1658 3307 in
1690 3260 1915 3308 Brasilia
1946 3261 2053 3309 cul·

192 3342 372 3381 torum
422 3334 645 3380 maxime
693 3333 1067 3397 praecipuum,
1127 3329 1529 3379 Saccharum
1594 3328 2056 3378 officinarum

200 3401 407 3450 scilicet
426 3401 534 3460 „fin
567 3412 709 3454 terra
747 3398 956 3456 Cannu,
1011 3396 1199 3447 Canna
1227 3397 1564 3446 deAssncar
1609 3408 1880 3456 vocatum,
1913 3414 2054 3464 quae
2099 3443 2100 3449 ,

193 3470 369 3535 planta
394 3468 659 3527 Brasiljae
689 3469 895 3521 divit-ias
927 3469 1163 3519 fundavit
1188 3483 1299 3518 *nec
1335 3467 1387 3516 in
1421 3467 1713 3518 incolarum
1753 3466 2053 3534 frequentia

774 3570 800 3596 >⁵
825 3577 828 3581 .
