<?xml version="1.0" encoding="UTF-8"?>
<!DOCTYPE html PUBLIC "-//W3C//DTD XHTML 1.0 Transitional//EN"
    "http://www.w3.org/TR/xhtml1/DTD/xhtml1-transitional.dtd">
<html xmlns="http://www.w3.org/1999/xhtml" xml:lang="en" lang="en">
 <head>
  <title>
</title>
<meta http-equiv="Content-Type" content="text/html;charset=utf-8" />
  <meta name='ocr-system' content='tesseract 3.04.00' />
  <meta name='ocr-capabilities' content='ocr_page ocr_carea ocr_par ocr_line ocrx_word'/>
</head>
<body>
  <div class='ocr_page' id='page_1' title='image "./florabrasiliensi02mart_0402.png"; bbox 0 0 2100 3882; ppageno 0'>
   <div class='ocr_carea' id='block_1_1' title="bbox 169 96 1505 164">
    <p class='ocr_par' dir='ltr' id='par_1_1' title="bbox 169 96 1505 164">
     <span class='ocr_line' id='line_1_1' title="bbox 169 96 1505 164; baseline -0.01 -4"><span class='ocrx_word' id='word_1_1' title='bbox 169 111 273 164; x_wconf 87' lang='grc'>386</span> <span class='ocrx_word' id='word_1_2' title='bbox 735 100 1093 152; x_wconf 64' lang='lat' dir='ltr'>Gmmxnzau.</span> <span class='ocrx_word' id='word_1_3' title='bbox 1167 96 1505 149; x_wconf 63' lang='lat' dir='ltr'>emaum.</span> 
     </span>
    </p>
   </div>
   <div class='ocr_carea' id='block_1_2' title="bbox 307 243 1806 314">
    <p class='ocr_par' dir='ltr' id='par_1_2' title="bbox 307 243 1806 314">
     <span class='ocr_line' id='line_1_2' title="bbox 307 243 1806 314; baseline -0.005 -7"><span class='ocrx_word' id='word_1_4' title='bbox 307 253 587 308; x_wconf 78' lang='lat' dir='ltr'>Chaetaria</span> <span class='ocrx_word' id='word_1_5' title='bbox 622 258 929 310; x_wconf 83' lang='lat' dir='ltr'>recurvata,</span> <span class='ocrx_word' id='word_1_6' title='bbox 967 245 1120 301; x_wconf 71' lang='lat' dir='ltr'>R.,et</span> <span class='ocrx_word' id='word_1_7' title='bbox 1154 245 1277 298; x_wconf 74' lang='lat' dir='ltr'>Sch.</span> <span class='ocrx_word' id='word_1_8' title='bbox 1311 243 1365 297; x_wconf 90' lang='lat' dir='ltr'>S.</span> <span class='ocrx_word' id='word_1_9' title='bbox 1410 244 1468 296; x_wconf 91' lang='lat' dir='ltr'>V.</span> <span class='ocrx_word' id='word_1_10' title='bbox 1497 243 1575 296; x_wconf 92' lang='lat' dir='ltr'>II.</span> <span class='ocrx_word' id='word_1_11' title='bbox 1597 263 1655 314; x_wconf 83' lang='lat' dir='ltr'>p.</span> <span class='ocrx_word' id='word_1_12' title='bbox 1686 245 1806 314; x_wconf 73' lang='lat'>397.</span> 
     </span>
    </p>
   </div>
   <div class='ocr_carea' id='block_1_3' title="bbox 274 331 2039 475">
    <p class='ocr_par' dir='ltr' id='par_1_3' title="bbox 274 331 2039 475">
     <span class='ocr_line' id='line_1_3' title="bbox 274 331 2039 405; baseline -0.004 -13"><span class='ocrx_word' id='word_1_13' title='bbox 274 340 543 405; x_wconf 52' lang='lat' dir='ltr'>‚Aristida</span> <span class='ocrx_word' id='word_1_14' title='bbox 588 347 899 398; x_wconf 83' lang='lat' dir='ltr'>recurvata,</span> <span class='ocrx_word' id='word_1_15' title='bbox 952 333 1022 386; x_wconf 90' lang='grc' dir='ltr'>Η.</span> <span class='ocrx_word' id='word_1_16' title='bbox 1067 343 1119 385; x_wconf 84' lang='lat' dir='ltr'>et</span> <span class='ocrx_word' id='word_1_17' title='bbox 1154 333 1226 385; x_wconf 76' lang='lat' dir='ltr'>R.</span> <span class='ocrx_word' id='word_1_18' title='bbox 1270 333 1340 385; x_wconf 80' lang='lat' dir='ltr'>N.</span> <span class='ocrx_word' id='word_1_19' title='bbox 1392 331 1455 384; x_wconf 87' lang='lat' dir='ltr'>G.</span> <span class='ocrx_word' id='word_1_20' title='bbox 1499 342 1551 382; x_wconf 81' lang='lat' dir='ltr'>et</span> <span class='ocrx_word' id='word_1_21' title='bbox 1598 337 1688 403; x_wconf 78' lang='lat' dir='ltr'>Sp.</span> <span class='ocrx_word' id='word_1_22' title='bbox 1736 337 1782 387; x_wconf 91' lang='lat' dir='ltr'>I.</span> <span class='ocrx_word' id='word_1_23' title='bbox 1812 352 1867 403; x_wconf 83' lang='lat' dir='ltr'>p.</span> <span class='ocrx_word' id='word_1_24' title='bbox 1925 335 2039 389; x_wconf 81' lang='lat'>123.</span> 
     </span>
     <span class='ocr_line' id='line_1_4' title="bbox 383 406 1099 475; baseline -0.008 -15"><span class='ocrx_word' id='word_1_25' title='bbox 383 408 588 460; x_wconf 77' lang='lat' dir='ltr'>sznth.</span> <span class='ocrx_word' id='word_1_26' title='bbox 628 406 762 475; x_wconf 67' lang='lat' dir='ltr'>Syn.</span> <span class='ocrx_word' id='word_1_27' title='bbox 811 408 856 456; x_wconf 92' lang='lat' dir='ltr'>I.</span> <span class='ocrx_word' id='word_1_28' title='bbox 889 423 945 473; x_wconf 85' lang='lat' dir='ltr'>p.</span> <span class='ocrx_word' id='word_1_29' title='bbox 988 414 1099 473; x_wconf 70' lang='grc'>194.</span> 
     </span>
    </p>
   </div>
   <div class='ocr_carea' id='block_1_4' title="bbox 171 492 2052 1261">
    <p class='ocr_par' dir='ltr' id='par_1_4' title="bbox 171 492 2052 1261">
     <span class='ocr_line' id='line_1_5' title="bbox 307 492 2045 561; baseline -0.005 -12"><span class='ocrx_word' id='word_1_30' title='bbox 307 500 458 550; x_wconf 87' lang='lat' dir='ltr'>Folia</span> <span class='ocrx_word' id='word_1_31' title='bbox 483 495 742 547; x_wconf 79' lang='lat' dir='ltr'>inferiora</span> <span class='ocrx_word' id='word_1_32' title='bbox 774 496 950 561; x_wconf 86' lang='lat' dir='ltr'>plana,</span> <span class='ocrx_word' id='word_1_33' title='bbox 989 505 1191 543; x_wconf 84' lang='lat' dir='ltr'>retorta</span> <span class='ocrx_word' id='word_1_34' title='bbox 1233 492 1378 556; x_wconf 90' lang='lat' dir='ltr'>(non</span> <span class='ocrx_word' id='word_1_35' title='bbox 1422 503 1596 541; x_wconf 87' lang='lat' dir='ltr'>tamen</span> <span class='ocrx_word' id='word_1_36' title='bbox 1637 493 1854 559; x_wconf 80' lang='lat' dir='ltr'>vaginae</span> <span class='ocrx_word' id='word_1_37' title='bbox 1890 509 2045 542; x_wconf 83' lang='lat' dir='ltr'>revo-</span> 
     </span>
     <span class='ocr_line' id='line_1_6' title="bbox 171 562 2048 630; baseline -0.007 -6"><span class='ocrx_word' id='word_1_38' title='bbox 171 577 339 630; x_wconf 84' lang='lat' dir='ltr'>lutae,</span> <span class='ocrx_word' id='word_1_39' title='bbox 398 580 456 618; x_wconf 84' lang='lat' dir='ltr'>ut</span> <span class='ocrx_word' id='word_1_40' title='bbox 505 568 563 616; x_wconf 86' lang='lat' dir='ltr'>in</span> <span class='ocrx_word' id='word_1_41' title='bbox 608 567 684 615; x_wconf 90' lang='lat' dir='ltr'>Cl.</span> <span class='ocrx_word' id='word_1_42' title='bbox 716 564 933 621; x_wconf 78' lang='lat' dir='ltr'>Rumhii</span> <span class='ocrx_word' id='word_1_43' title='bbox 966 564 1302 613; x_wconf 78' lang='lat' dir='ltr'>adnotatione</span> <span class='ocrx_word' id='word_1_44' title='bbox 1347 562 1614 628; x_wconf 81' lang='lat' dir='ltr'>proditum</span> <span class='ocrx_word' id='word_1_45' title='bbox 1656 565 1795 627; x_wconf 84' lang='lat' dir='ltr'>est)3</span> <span class='ocrx_word' id='word_1_46' title='bbox 1846 564 2048 612; x_wconf 85' lang='lat' dir='ltr'>caulina</span> 
     </span>
     <span class='ocr_line' id='line_1_7' title="bbox 173 633 2045 706; baseline -0.004 -18"><span class='ocrx_word' id='word_1_47' title='bbox 173 642 335 704; x_wconf 69' lang='lat'><strong>4--8</strong></span> <span class='ocrx_word' id='word_1_48' title='bbox 359 638 581 706; x_wconf 87' lang='lat' dir='ltr'>pollices</span> <span class='ocrx_word' id='word_1_49' title='bbox 610 636 795 701; x_wconf 83' lang='lat' dir='ltr'>longa,</span> <span class='ocrx_word' id='word_1_50' title='bbox 835 645 1077 700; x_wconf 79' lang='lat' dir='ltr'>angusta,</span> <span class='ocrx_word' id='word_1_51' title='bbox 1118 633 1396 681; x_wconf 84' lang='lat' dir='ltr'>convoluta</span> <span class='ocrx_word' id='word_1_52' title='bbox 1415 668 1427 691; x_wconf 92' lang='lat'>,</span> <span class='ocrx_word' id='word_1_53' title='bbox 1460 649 1618 681; x_wconf 82' lang='lat' dir='ltr'>curva</span> <span class='ocrx_word' id='word_1_54' title='bbox 1646 648 1819 699; x_wconf 83' lang='lat' dir='ltr'>neque</span> <span class='ocrx_word' id='word_1_55' title='bbox 1851 633 2045 681; x_wconf 83' lang='lat' dir='ltr'>stricta.</span> 
     </span>
     <span class='ocr_line' id='line_1_8' title="bbox 176 701 2049 774; baseline -0.006 -11"><span class='ocrx_word' id='word_1_56' title='bbox 176 711 383 763; x_wconf 85' lang='lat' dir='ltr'>Collum</span> <span class='ocrx_word' id='word_1_57' title='bbox 414 708 628 774; x_wconf 84' lang='lat' dir='ltr'>vaginae</span> <span class='ocrx_word' id='word_1_58' title='bbox 658 704 712 752; x_wconf 86' lang='lat' dir='ltr'>in</span> <span class='ocrx_word' id='word_1_59' title='bbox 744 704 1016 771; x_wconf 83' lang='lat' dir='ltr'>plerisque</span> <span class='ocrx_word' id='word_1_60' title='bbox 1053 702 1307 750; x_wconf 86' lang='lat' dir='ltr'>imberbe.</span> <span class='ocrx_word' id='word_1_61' title='bbox 1360 702 1608 750; x_wconf 84' lang='lat' dir='ltr'>Panicula</span> <span class='ocrx_word' id='word_1_62' title='bbox 1636 703 1668 751; x_wconf 88' lang='lat'><strong><em>5</em></strong></span> <span class='ocrx_word' id='word_1_63' title='bbox 1688 704 1799 752; x_wconf 84' lang='lat'>-8</span> <span class='ocrx_word' id='word_1_64' title='bbox 1828 701 2049 768; x_wconf 80' lang='lat' dir='ltr'>pollices</span> 
     </span>
     <span class='ocr_line' id='line_1_9' title="bbox 173 771 2049 847; baseline -0.006 -16"><span class='ocrx_word' id='word_1_65' title='bbox 173 783 360 847; x_wconf 81' lang='lat' dir='ltr'>longa,</span> <span class='ocrx_word' id='word_1_66' title='bbox 415 774 762 844; x_wconf 85' lang='lat' dir='ltr'>spiciformis,</span> <span class='ocrx_word' id='word_1_67' title='bbox 824 773 1033 820; x_wconf 85' lang='lat' dir='ltr'>inferne</span> <span class='ocrx_word' id='word_1_68' title='bbox 1084 772 1406 836; x_wconf 78' lang='lat' dir='ltr'>interrupta,</span> <span class='ocrx_word' id='word_1_69' title='bbox 1458 772 1615 819; x_wconf 86' lang='lat' dir='ltr'>ramis</span> <span class='ocrx_word' id='word_1_70' title='bbox 1657 771 1902 830; x_wconf 82' lang='lat' dir='ltr'>alternis,</span> <span class='ocrx_word' id='word_1_71' title='bbox 1956 773 2049 819; x_wconf 87' lang='lat' dir='ltr'>sed</span> 
     </span>
     <span class='ocr_line' id='line_1_10' title="bbox 176 840 2049 906; baseline -0.007 -4"><span class='ocrx_word' id='word_1_72' title='bbox 176 851 242 902; x_wconf 83' lang='lat' dir='ltr'>ad</span> <span class='ocrx_word' id='word_1_73' title='bbox 269 849 420 899; x_wconf 85' lang='lat' dir='ltr'>basin</span> <span class='ocrx_word' id='word_1_74' title='bbox 448 843 793 895; x_wconf 85' lang='lat' dir='ltr'>fasciculatim</span> <span class='ocrx_word' id='word_1_75' title='bbox 826 842 1028 892; x_wconf 83' lang='lat' dir='ltr'>divisis.</span> <span class='ocrx_word' id='word_1_76' title='bbox 1083 841 1301 891; x_wconf 88' lang='lat' dir='ltr'>Glumae</span> <span class='ocrx_word' id='word_1_77' title='bbox 1335 850 1367 901; x_wconf 69' lang='grc'><strong>4</strong></span> <span class='ocrx_word' id='word_1_78' title='bbox 1400 841 1564 889; x_wconf 88' lang='lat' dir='ltr'>lineas</span> <span class='ocrx_word' id='word_1_79' title='bbox 1598 840 1817 906; x_wconf 81' lang='lat' dir='ltr'>longae,</span> <span class='ocrx_word' id='word_1_80' title='bbox 1868 841 2049 906; x_wconf 83' lang='lat' dir='ltr'>longe-</span> 
     </span>
     <span class='ocr_line' id='line_1_11' title="bbox 173 910 2048 972; baseline -0.006 -1"><span class='ocrx_word' id='word_1_81' title='bbox 173 914 842 972; x_wconf 85' lang='lat' dir='ltr'>attenuato-lanceolatae,</span> <span class='ocrx_word' id='word_1_82' title='bbox 899 911 1289 965; x_wconf 81' lang='lat' dir='ltr'>fuscescentes,</span> <span class='ocrx_word' id='word_1_83' title='bbox 1352 910 1805 968; x_wconf 76' lang='lat' dir='ltr'>membranaceae,</span> <span class='ocrx_word' id='word_1_84' title='bbox 1873 912 2048 960; x_wconf 89' lang='lat' dir='ltr'>carina</span> 
     </span>
     <span class='ocr_line' id='line_1_12' title="bbox 173 979 2047 1051; baseline -0.004 -16"><span class='ocrx_word' id='word_1_85' title='bbox 173 989 420 1041; x_wconf 77' lang='lat' dir='ltr'>scabrae:</span> <span class='ocrx_word' id='word_1_86' title='bbox 462 983 706 1051; x_wconf 85' lang='lat' dir='ltr'>superior</span> <span class='ocrx_word' id='word_1_87' title='bbox 729 981 881 1048; x_wconf 88' lang='lat' dir='ltr'>paulo</span> <span class='ocrx_word' id='word_1_88' title='bbox 913 979 1131 1029; x_wconf 78' lang='lat' dir='ltr'>brevior</span> <span class='ocrx_word' id='word_1_89' title='bbox 1160 991 1212 1027; x_wconf 85' lang='lat' dir='ltr'>et</span> <span class='ocrx_word' id='word_1_90' title='bbox 1235 979 1520 1044; x_wconf 81' lang='lat' dir='ltr'>angustior.</span> <span class='ocrx_word' id='word_1_91' title='bbox 1577 981 1855 1030; x_wconf 86' lang='lat' dir='ltr'>Flosculus</span> <span class='ocrx_word' id='word_1_92' title='bbox 1881 980 2047 1028; x_wconf 85' lang='lat' dir='ltr'>lineas</span> 
     </span>
     <span class='ocr_line' id='line_1_13' title="bbox 175 1048 2051 1128; baseline -0.004 -23"><span class='ocrx_word' id='word_1_93' title='bbox 175 1058 242 1128; x_wconf 67' lang='lat'>2}</span> <span class='ocrx_word' id='word_1_94' title='bbox 271 1059 488 1123; x_wconf 81' lang='lat' dir='ltr'>longus,</span> <span class='ocrx_word' id='word_1_95' title='bbox 530 1055 894 1109; x_wconf 82' lang='lat' dir='ltr'>cineraseens,</span> <span class='ocrx_word' id='word_1_96' title='bbox 943 1049 1057 1097; x_wconf 89' lang='lat' dir='ltr'>basi</span> <span class='ocrx_word' id='word_1_97' title='bbox 1094 1048 1381 1114; x_wconf 82' lang='lat' dir='ltr'>pilosulus,</span> <span class='ocrx_word' id='word_1_98' title='bbox 1433 1048 1581 1113; x_wconf 86' lang='lat' dir='ltr'>apice</span> <span class='ocrx_word' id='word_1_99' title='bbox 1621 1051 1823 1100; x_wconf 79' lang='lat' dir='ltr'>scaber.</span> <span class='ocrx_word' id='word_1_100' title='bbox 1898 1051 2051 1099; x_wconf 86' lang='lat' dir='ltr'>Setae</span> 
     </span>
     <span class='ocr_line' id='line_1_14' title="bbox 172 1117 2052 1184; baseline -0.005 -6"><span class='ocrx_word' id='word_1_101' title='bbox 172 1129 287 1178; x_wconf 86' lang='lat' dir='ltr'>basi</span> <span class='ocrx_word' id='word_1_102' title='bbox 325 1124 864 1178; x_wconf 74' lang='lat' dir='ltr'>arcuato-incurvae,</span> <span class='ocrx_word' id='word_1_103' title='bbox 905 1119 1150 1177; x_wconf 76' lang='lat' dir='ltr'>scabrae,</span> <span class='ocrx_word' id='word_1_104' title='bbox 1191 1117 1416 1184; x_wconf 79' lang='lat' dir='ltr'>pallidae</span> <span class='ocrx_word' id='word_1_105' title='bbox 1438 1153 1449 1175; x_wconf 79' lang='lat'>,</span> <span class='ocrx_word' id='word_1_106' title='bbox 1490 1118 1733 1169; x_wconf 83' lang='lat' dir='ltr'>laterales</span> <span class='ocrx_word' id='word_1_107' title='bbox 1766 1121 1916 1183; x_wconf 85' lang='lat'>5—&gt;</span> <span class='ocrx_word' id='word_1_108' title='bbox 1945 1136 2052 1169; x_wconf 86' lang='lat' dir='ltr'>me-</span> 
     </span>
     <span class='ocr_line' id='line_1_15' title="bbox 175 1193 614 1261; baseline -0.009 -14"><span class='ocrx_word' id='word_1_109' title='bbox 175 1199 262 1248; x_wconf 81' lang='lat' dir='ltr'>dia</span> <span class='ocrx_word' id='word_1_110' title='bbox 299 1193 614 1261; x_wconf 76' lang='lat' dir='ltr'>7-linearis.</span> 
     </span>
    </p>
   </div>
   <div class='ocr_carea' id='block_1_5' title="bbox 171 1270 2052 1486">
    <p class='ocr_par' dir='ltr' id='par_1_5' title="bbox 171 1270 2052 1486">
     <span class='ocr_line' id='line_1_16' title="bbox 309 1270 2048 1345; baseline -0.006 -13"><span class='ocrx_word' id='word_1_111' title='bbox 309 1281 538 1332; x_wconf 79' lang='lat' dir='ltr'>Habitat</span> <span class='ocrx_word' id='word_1_112' title='bbox 579 1279 633 1328; x_wconf 88' lang='lat' dir='ltr'>in</span> <span class='ocrx_word' id='word_1_113' title='bbox 683 1275 809 1326; x_wconf 80' lang='lat' dir='ltr'>altis</span> <span class='ocrx_word' id='word_1_114' title='bbox 847 1273 1263 1333; x_wconf 79' lang='lat' dir='ltr'>Adamantinis,</span> <span class='ocrx_word' id='word_1_115' title='bbox 1309 1270 1466 1322; x_wconf 80' lang='lat' dir='ltr'>Serre</span> <span class='ocrx_word' id='word_1_116' title='bbox 1509 1270 1636 1323; x_wconf 82' lang='lat' dir='ltr'>Frio</span> <span class='ocrx_word' id='word_1_117' title='bbox 1677 1274 1860 1337; x_wconf 83' lang='lat' dir='ltr'>dictis,</span> <span class='ocrx_word' id='word_1_118' title='bbox 1893 1293 2048 1345; x_wconf 83' lang='lat' dir='ltr'>prov.</span> 
     </span>
     <span class='ocr_line' id='line_1_17' title="bbox 171 1341 2036 1414; baseline -0.006 -11"><span class='ocrx_word' id='word_1_119' title='bbox 171 1352 478 1406; x_wconf 66' lang='lat' dir='ltr'>Dffimzrnm.</span> <span class='ocrx_word' id='word_1_120' title='bbox 533 1346 762 1414; x_wconf 56' lang='lat' dir='ltr'>(ilfurt.)</span> <span class='ocrx_word' id='word_1_121' title='bbox 797 1376 866 1384; x_wconf 91' lang='lat'>—-</span> <span class='ocrx_word' id='word_1_122' title='bbox 906 1347 968 1393; x_wconf 83' lang='lat' dir='ltr'>In</span> <span class='ocrx_word' id='word_1_123' title='bbox 1007 1343 1235 1411; x_wconf 79' lang='lat' dir='ltr'>planitie</span> <span class='ocrx_word' id='word_1_124' title='bbox 1285 1341 1576 1392; x_wconf 78' lang='lat' dir='ltr'>Orinocina</span> <span class='ocrx_word' id='word_1_125' title='bbox 1598 1381 1612 1406; x_wconf 80' lang='lat'>,</span> <span class='ocrx_word' id='word_1_126' title='bbox 1664 1363 1887 1396; x_wconf 77' lang='lat' dir='ltr'>amoeno</span> <span class='ocrx_word' id='word_1_127' title='bbox 1920 1365 2036 1411; x_wconf 80' lang='lat' dir='ltr'>gra.</span> 
     </span>
     <span class='ocr_line' id='line_1_18' title="bbox 174 1412 2052 1486; baseline -0.005 -11"><span class='ocrx_word' id='word_1_128' title='bbox 174 1426 315 1475; x_wconf 79' lang='lat' dir='ltr'>mine</span> <span class='ocrx_word' id='word_1_129' title='bbox 350 1430 521 1476; x_wconf 78' lang='lat' dir='ltr'>tecta,</span> <span class='ocrx_word' id='word_1_130' title='bbox 610 1436 737 1486; x_wconf 77' lang='lat' dir='ltr'>rope</span> <span class='ocrx_word' id='word_1_131' title='bbox 768 1413 822 1466; x_wconf 83' lang='lat' dir='ltr'>S.</span> <span class='ocrx_word' id='word_1_132' title='bbox 864 1412 1100 1464; x_wconf 76' lang='lat' dir='ltr'>Thomas</span> <span class='ocrx_word' id='word_1_133' title='bbox 1128 1414 1192 1463; x_wconf 79' lang='lat' dir='ltr'>de</span> <span class='ocrx_word' id='word_1_134' title='bbox 1228 1412 1280 1462; x_wconf 80' lang='lat' dir='ltr'>la</span> <span class='ocrx_word' id='word_1_135' title='bbox 1312 1415 1649 1480; x_wconf 70' lang='lat' dir='ltr'>Angoslura.</span> <span class='ocrx_word' id='word_1_136' title='bbox 1701 1418 1795 1478; x_wconf 78' lang='lat' dir='ltr'>(ab</span> <span class='ocrx_word' id='word_1_137' title='bbox 1833 1415 2052 1480; x_wconf 64' lang='lat' dir='ltr'>Humb.)</span> 
     </span>
    </p>
   </div>
   <div class='ocr_carea' id='block_1_6' title="bbox 173 1481 1746 1554">
    <p class='ocr_par' dir='ltr' id='par_1_6' title="bbox 173 1481 1746 1554">
     <span class='ocr_line' id='line_1_19' title="bbox 173 1481 1746 1554; baseline -0.006 -12"><span class='ocrx_word' id='word_1_138' title='bbox 173 1524 242 1535; x_wconf 91' lang='lat'>-</span> <span class='ocrx_word' id='word_1_139' title='bbox 281 1490 461 1542; x_wconf 81' lang='lat' dir='ltr'>Floret</span> <span class='ocrx_word' id='word_1_140' title='bbox 498 1487 547 1539; x_wconf 66' lang='lat' dir='ltr'><em>D</em></span> <span class='ocrx_word' id='word_1_141' title='bbox 576 1488 682 1554; x_wconf 78' lang='lat' dir='ltr'>ajo.</span> <span class='ocrx_word' id='word_1_142' title='bbox 740 1492 820 1552; x_wconf 58' lang='grc' dir='ltr'>Ἃ..</span> <span class='ocrx_word' id='word_1_143' title='bbox 899 1485 1048 1548; x_wconf 74' lang='lat' dir='ltr'>(Vidi</span> <span class='ocrx_word' id='word_1_144' title='bbox 1074 1484 1128 1534; x_wconf 87' lang='lat' dir='ltr'>in</span> <span class='ocrx_word' id='word_1_145' title='bbox 1161 1481 1324 1534; x_wconf 80' lang='lat' dir='ltr'>Herb.</span> <span class='ocrx_word' id='word_1_146' title='bbox 1363 1481 1501 1548; x_wconf 78' lang='lat' dir='ltr'>Reg.</span> <span class='ocrx_word' id='word_1_147' title='bbox 1536 1481 1746 1548; x_wconf 69' lang='lat' dir='ltr'>Bet-ol.)</span> 
     </span>
    </p>
   </div>
   <div class='ocr_carea' id='block_1_7' title="bbox 644 1655 1587 1707">
    <p class='ocr_par' dir='ltr' id='par_1_7' title="bbox 644 1655 1587 1707">
     <span class='ocr_line' id='line_1_20' title="bbox 644 1655 1587 1707; baseline -0.007 -6"><span class='ocrx_word' id='word_1_148' title='bbox 644 1659 1176 1701; x_wconf 76' lang='lat' dir='ltr'><strong>7·GHAETAR1A</strong></span> <span class='ocrx_word' id='word_1_149' title='bbox 1242 1655 1587 1707; x_wconf 83' lang='lat' dir='ltr'>TORTA.†</span> 
     </span>
    </p>
   </div>
   <div class='ocr_carea' id='block_1_8' title="bbox 171 1771 2057 2129">
    <p class='ocr_par' dir='ltr' id='par_1_8' title="bbox 171 1771 2057 2129">
     <span class='ocr_line' id='line_1_21' title="bbox 309 1771 2054 1841; baseline -0.006 -9"><span class='ocrx_word' id='word_1_150' title='bbox 309 1781 404 1832; x_wconf 84' lang='lat' dir='ltr'>Ch.</span> <span class='ocrx_word' id='word_1_151' title='bbox 457 1779 629 1830; x_wconf 90' lang='lat' dir='ltr'>culmo</span> <span class='ocrx_word' id='word_1_152' title='bbox 674 1774 932 1841; x_wconf 84' lang='lat' dir='ltr'>simplici,</span> <span class='ocrx_word' id='word_1_153' title='bbox 989 1771 1133 1821; x_wconf 80' lang='lat' dir='ltr'>foliis</span> <span class='ocrx_word' id='word_1_154' title='bbox 1175 1771 1675 1839; x_wconf 80' lang='lat' dir='ltr'>lineari-elongatis</span> <span class='ocrx_word' id='word_1_155' title='bbox 1730 1771 2054 1838; x_wconf 76' lang='lat' dir='ltr'>complicatis</span> 
     </span>
     <span class='ocr_line' id='line_1_22' title="bbox 174 1841 2056 1912; baseline -0.009 -9"><span class='ocrx_word' id='word_1_156' title='bbox 174 1852 312 1904; x_wconf 82' lang='lat' dir='ltr'>facie</span> <span class='ocrx_word' id='word_1_157' title='bbox 347 1849 572 1908; x_wconf 86' lang='lat' dir='ltr'>scabris,</span> <span class='ocrx_word' id='word_1_158' title='bbox 612 1846 916 1912; x_wconf 79' lang='lat' dir='ltr'>vaginarum</span> <span class='ocrx_word' id='word_1_159' title='bbox 954 1843 1092 1892; x_wconf 91' lang='lat' dir='ltr'>collo</span> <span class='ocrx_word' id='word_1_160' title='bbox 1130 1841 1381 1903; x_wconf 87' lang='lat' dir='ltr'>barbato,</span> <span class='ocrx_word' id='word_1_161' title='bbox 1420 1842 1660 1908; x_wconf 85' lang='lat' dir='ltr'>panicula</span> <span class='ocrx_word' id='word_1_162' title='bbox 1698 1859 1903 1892; x_wconf 88' lang='lat' dir='ltr'>ramosa</span> <span class='ocrx_word' id='word_1_163' title='bbox 1938 1845 2056 1890; x_wconf 83' lang='lat' dir='ltr'>sub.</span> 
     </span>
     <span class='ocr_line' id='line_1_23' title="bbox 173 1912 2056 1978; baseline -0.006 -5"><span class='ocrx_word' id='word_1_164' title='bbox 173 1921 492 1973; x_wconf 82' lang='lat' dir='ltr'>verticillata</span> <span class='ocrx_word' id='word_1_165' title='bbox 549 1926 813 1967; x_wconf 82' lang='lat' dir='ltr'>coarctata</span> <span class='ocrx_word' id='word_1_166' title='bbox 864 1913 1232 1969; x_wconf 88' lang='lat' dir='ltr'>subcontorta,</span> <span class='ocrx_word' id='word_1_167' title='bbox 1289 1913 1475 1977; x_wconf 77' lang='lat' dir='ltr'>glumis</span> <span class='ocrx_word' id='word_1_168' title='bbox 1520 1912 1716 1971; x_wconf 81' lang='lat' dir='ltr'>acutis,</span> <span class='ocrx_word' id='word_1_169' title='bbox 1775 1912 2056 1978; x_wconf 87' lang='lat' dir='ltr'>superiore</span> 
     </span>
     <span class='ocr_line' id='line_1_24' title="bbox 171 1979 2057 2053; baseline -0.006 -12"><span class='ocrx_word' id='word_1_170' title='bbox 171 1990 447 2041; x_wconf 87' lang='lat' dir='ltr'>flosculum</span> <span class='ocrx_word' id='word_1_171' title='bbox 484 1996 792 2053; x_wconf 83' lang='lat' dir='ltr'>superante,</span> <span class='ocrx_word' id='word_1_172' title='bbox 832 1982 959 2032; x_wconf 75' lang='lat' dir='ltr'>setis</span> <span class='ocrx_word' id='word_1_173' title='bbox 990 1981 1292 2030; x_wconf 86' lang='lat' dir='ltr'>lateralibus</span> <span class='ocrx_word' id='word_1_174' title='bbox 1322 1982 1481 2031; x_wconf 81' lang='lat' dir='ltr'>rectis</span> <span class='ocrx_word' id='word_1_175' title='bbox 1510 1979 1787 2031; x_wconf 86' lang='lat' dir='ltr'>flosculum</span> <span class='ocrx_word' id='word_1_176' title='bbox 1817 1981 2057 2031; x_wconf 88' lang='lat' dir='ltr'>scabrum</span> 
     </span>
     <span class='ocr_line' id='line_1_25' title="bbox 171 2050 1464 2129; baseline -0.009 -18"><span class='ocrx_word' id='word_1_177' title='bbox 171 2059 545 2129; x_wconf 84' lang='lat' dir='ltr'>aequantibus,</span> <span class='ocrx_word' id='word_1_178' title='bbox 586 2053 758 2103; x_wconf 86' lang='lat' dir='ltr'>media</span> <span class='ocrx_word' id='word_1_179' title='bbox 789 2050 985 2101; x_wconf 81' lang='lat' dir='ltr'>reflexa</span> <span class='ocrx_word' id='word_1_180' title='bbox 1016 2052 1172 2118; x_wconf 88' lang='lat' dir='ltr'>duplo</span> <span class='ocrx_word' id='word_1_181' title='bbox 1205 2051 1464 2118; x_wconf 80' lang='lat' dir='ltr'>longiore.</span> 
     </span>
    </p>
   </div>
   <div class='ocr_carea' id='block_1_9' title="bbox 171 2155 2079 3130">
    <p class='ocr_par' dir='ltr' id='par_1_9' title="bbox 171 2155 2079 3130">
     <span class='ocr_line' id='line_1_26' title="bbox 312 2155 2053 2218; baseline -0.005 -3"><span class='ocrx_word' id='word_1_182' title='bbox 312 2163 589 2215; x_wconf 87' lang='lat' dir='ltr'>Simillima</span> <span class='ocrx_word' id='word_1_183' title='bbox 654 2159 1069 2210; x_wconf 83' lang='lat' dir='ltr'>Chaetariae</span> <span class='ocrx_word' id='word_1_184' title='bbox 1130 2168 1556 2206; x_wconf 82' lang='lat' dir='ltr'>recurvatae</span> <span class='ocrx_word' id='word_1_185' title='bbox 1629 2155 1934 2218; x_wconf 83' lang='lat' dir='ltr'>(Aristidae</span> <span class='ocrx_word' id='word_1_186' title='bbox 1985 2157 2053 2206; x_wconf 88' lang='lat' dir='ltr'>H.</span> 
     </span>
     <span class='ocr_line' id='line_1_27' title="bbox 172 2227 2058 2301; baseline -0.006 -15"><span class='ocrx_word' id='word_1_187' title='bbox 172 2247 226 2286; x_wconf 85' lang='lat' dir='ltr'>et</span> <span class='ocrx_word' id='word_1_188' title='bbox 255 2236 374 2301; x_wconf 59' lang='lat' dir='ltr'>IL),</span> <span class='ocrx_word' id='word_1_189' title='bbox 416 2233 511 2283; x_wconf 83' lang='lat' dir='ltr'>sed</span> <span class='ocrx_word' id='word_1_190' title='bbox 553 2229 735 2280; x_wconf 80' lang='lat' dir='ltr'>differt</span> <span class='ocrx_word' id='word_1_191' title='bbox 781 2229 1085 2278; x_wconf 77' lang='lat' dir='ltr'>evidenter:</span> <span class='ocrx_word' id='word_1_192' title='bbox 1142 2227 1360 2292; x_wconf 87' lang='lat' dir='ltr'>spiculis</span> <span class='ocrx_word' id='word_1_193' title='bbox 1407 2227 1745 2277; x_wconf 72' lang='lat' dir='ltr'>brevioribus</span> <span class='ocrx_word' id='word_1_194' title='bbox 1789 2232 1822 2281; x_wconf 89' lang='lat'><strong>3</strong></span> <span class='ocrx_word' id='word_1_195' title='bbox 1849 2227 2058 2276; x_wconf 88' lang='lat' dir='ltr'>lineari-</span> 
     </span>
     <span class='ocr_line' id='line_1_28' title="bbox 171 2297 2058 2370; baseline -0.005 -17"><span class='ocrx_word' id='word_1_196' title='bbox 171 2307 298 2362; x_wconf 79' lang='lat' dir='ltr'>bus,</span> <span class='ocrx_word' id='word_1_197' title='bbox 367 2320 540 2370; x_wconf 88' lang='lat' dir='ltr'>neque</span> <span class='ocrx_word' id='word_1_198' title='bbox 579 2302 835 2349; x_wconf 86' lang='lat' dir='ltr'>linearum</span> <span class='ocrx_word' id='word_1_199' title='bbox 884 2300 982 2364; x_wconf 56' lang='lat'>4¹33</span> <span class='ocrx_word' id='word_1_200' title='bbox 1048 2297 1234 2364; x_wconf 79' lang='lat' dir='ltr'>glumis</span> <span class='ocrx_word' id='word_1_201' title='bbox 1292 2297 1600 2345; x_wconf 80' lang='lat' dir='ltr'>lanceolatis</span> <span class='ocrx_word' id='word_1_202' title='bbox 1645 2308 1697 2346; x_wconf 90' lang='lat' dir='ltr'>et</span> <span class='ocrx_word' id='word_1_203' title='bbox 1750 2297 2058 2346; x_wconf 86' lang='lat' dir='ltr'>acuminatis</span> 
     </span>
     <span class='ocr_line' id='line_1_29' title="bbox 174 2365 2056 2444; baseline -0.004 -20"><span class='ocrx_word' id='word_1_204' title='bbox 174 2375 417 2444; x_wconf 81' lang='lat' dir='ltr'>quidem,</span> <span class='ocrx_word' id='word_1_205' title='bbox 462 2372 554 2422; x_wconf 86' lang='lat' dir='ltr'>sed</span> <span class='ocrx_word' id='word_1_206' title='bbox 584 2388 690 2419; x_wconf 86' lang='lat' dir='ltr'>non</span> <span class='ocrx_word' id='word_1_207' title='bbox 719 2370 876 2435; x_wconf 77' lang='lat' dir='ltr'>longe</span> <span class='ocrx_word' id='word_1_208' title='bbox 905 2367 1212 2422; x_wconf 81' lang='lat' dir='ltr'>attenuatis,</span> <span class='ocrx_word' id='word_1_209' title='bbox 1251 2367 1421 2415; x_wconf 88' lang='lat' dir='ltr'>minus</span> <span class='ocrx_word' id='word_1_210' title='bbox 1453 2365 1868 2416; x_wconf 84' lang='lat' dir='ltr'>membranaceis</span> <span class='ocrx_word' id='word_1_211' title='bbox 1910 2366 2056 2430; x_wconf 88' lang='lat' dir='ltr'>(sub-</span> 
     </span>
     <span class='ocr_line' id='line_1_30' title="bbox 177 2432 2058 2512; baseline -0.007 -15"><span class='ocrx_word' id='word_1_212' title='bbox 177 2443 495 2512; x_wconf 78' lang='lat' dir='ltr'>spadiceis),</span> <span class='ocrx_word' id='word_1_213' title='bbox 539 2440 799 2490; x_wconf 82' lang='lat' dir='ltr'>inferiore</span> <span class='ocrx_word' id='word_1_214' title='bbox 826 2436 1047 2487; x_wconf 87' lang='lat' dir='ltr'>flosculo</span> <span class='ocrx_word' id='word_1_215' title='bbox 1070 2454 1319 2501; x_wconf 91' lang='lat' dir='ltr'>parum-,</span> <span class='ocrx_word' id='word_1_216' title='bbox 1362 2437 1639 2503; x_wconf 88' lang='lat' dir='ltr'>superiore</span> <span class='ocrx_word' id='word_1_217' title='bbox 1671 2435 1859 2485; x_wconf 85' lang='lat' dir='ltr'>eodem</span> <span class='ocrx_word' id='word_1_218' title='bbox 1882 2432 1916 2503; x_wconf 57' lang='grc' dir='ltr'>ξς</span> <span class='ocrx_word' id='word_1_219' title='bbox 1943 2435 2058 2484; x_wconf 88' lang='lat' dir='ltr'>lon-</span> 
     </span>
     <span class='ocr_line' id='line_1_31' title="bbox 175 2505 2079 2582; baseline -0.005 -18"><span class='ocrx_word' id='word_1_220' title='bbox 175 2518 359 2582; x_wconf 81' lang='lat' dir='ltr'>giorc3</span> <span class='ocrx_word' id='word_1_221' title='bbox 402 2513 526 2562; x_wconf 85' lang='lat' dir='ltr'>setis</span> <span class='ocrx_word' id='word_1_222' title='bbox 560 2508 768 2559; x_wconf 82' lang='lat' dir='ltr'>flosculi</span> <span class='ocrx_word' id='word_1_223' title='bbox 804 2507 1193 2574; x_wconf 84' lang='lat' dir='ltr'>inaequalibus.</span> <span class='ocrx_word' id='word_1_224' title='bbox 1234 2523 1405 2573; x_wconf 86' lang='lat' dir='ltr'>neque</span> <span class='ocrx_word' id='word_1_225' title='bbox 1447 2507 1547 2556; x_wconf 90' lang='lat' dir='ltr'>hoc</span> <span class='ocrx_word' id='word_1_226' title='bbox 1592 2505 1656 2554; x_wconf 85' lang='lat' dir='ltr'>ad</span> <span class='ocrx_word' id='word_1_227' title='bbox 1691 2516 1920 2554; x_wconf 88' lang='lat' dir='ltr'>setarum</span> <span class='ocrx_word' id='word_1_228' title='bbox 1957 2506 2079 2568; x_wconf 41' lang='lat' dir='ltr'>ori-0</span> 
     </span>
     <span class='ocr_line' id='line_1_32' title="bbox 176 2574 2059 2652; baseline -0.005 -19"><span class='ocrx_word' id='word_1_229' title='bbox 176 2586 356 2652; x_wconf 80' lang='lat' dir='ltr'>ginem</span> <span class='ocrx_word' id='word_1_230' title='bbox 409 2583 565 2648; x_wconf 80' lang='lat' dir='ltr'>longe</span> <span class='ocrx_word' id='word_1_231' title='bbox 627 2590 889 2628; x_wconf 83' lang='lat' dir='ltr'>attenuato</span> <span class='ocrx_word' id='word_1_232' title='bbox 938 2574 1296 2625; x_wconf 80' lang='lat' dir='ltr'>subfilisormi.</span> <span class='ocrx_word' id='word_1_233' title='bbox 1381 2577 1689 2642; x_wconf 82' lang='lat' dir='ltr'>Congruunt</span> <span class='ocrx_word' id='word_1_234' title='bbox 1736 2575 1956 2642; x_wconf 89' lang='lat' dir='ltr'>reliqua.</span> <span class='ocrx_word' id='word_1_235' title='bbox 1991 2603 2059 2613; x_wconf 90' lang='lat'>—-</span> 
     </span>
     <span class='ocr_line' id='line_1_33' title="bbox 176 2644 2058 2717; baseline -0.005 -14"><span class='ocrx_word' id='word_1_236' title='bbox 176 2655 388 2704; x_wconf 80' lang='lat' dir='ltr'>Culmus</span> <span class='ocrx_word' id='word_1_237' title='bbox 442 2646 853 2717; x_wconf 82' lang='lat' dir='ltr'>sesquipedalis,</span> <span class='ocrx_word' id='word_1_238' title='bbox 912 2662 1276 2711; x_wconf 86' lang='lat' dir='ltr'>compressus,</span> <span class='ocrx_word' id='word_1_239' title='bbox 1330 2645 1514 2695; x_wconf 82' lang='lat' dir='ltr'>laevis.</span> <span class='ocrx_word' id='word_1_240' title='bbox 1616 2644 1767 2693; x_wconf 87' lang='lat' dir='ltr'>Folia</span> <span class='ocrx_word' id='word_1_241' title='bbox 1812 2644 2058 2694; x_wconf 77' lang='lat' dir='ltr'>radicalia</span> 
     </span>
     <span class='ocr_line' id='line_1_34' title="bbox 177 2714 2061 2784; baseline -0.005 -11"><span class='ocrx_word' id='word_1_242' title='bbox 177 2735 412 2784; x_wconf 79' lang='lat' dir='ltr'>setacea3</span> <span class='ocrx_word' id='word_1_243' title='bbox 469 2721 670 2770; x_wconf 88' lang='lat' dir='ltr'>caulina</span> <span class='ocrx_word' id='word_1_244' title='bbox 714 2718 831 2766; x_wconf 82' lang='lat' dir='ltr'>sere</span> <span class='ocrx_word' id='word_1_245' title='bbox 868 2715 1106 2782; x_wconf 87' lang='lat' dir='ltr'>pedalia,</span> <span class='ocrx_word' id='word_1_246' title='bbox 1158 2725 1365 2772; x_wconf 85' lang='lat' dir='ltr'>erecta,</span> <span class='ocrx_word' id='word_1_247' title='bbox 1410 2715 1617 2775; x_wconf 82' lang='lat' dir='ltr'>stricta,</span> <span class='ocrx_word' id='word_1_248' title='bbox 1658 2714 1818 2763; x_wconf 84' lang='lat' dir='ltr'>dorso</span> <span class='ocrx_word' id='word_1_249' title='bbox 1865 2714 2061 2773; x_wconf 84' lang='lat' dir='ltr'>laevia,</span> 
     </span>
     <span class='ocr_line' id='line_1_35' title="bbox 176 2783 2061 2853; baseline -0.004 -12"><span class='ocrx_word' id='word_1_250' title='bbox 176 2793 315 2842; x_wconf 84' lang='lat' dir='ltr'>facie</span> <span class='ocrx_word' id='word_1_251' title='bbox 345 2790 558 2850; x_wconf 82' lang='lat' dir='ltr'>scabra,</span> <span class='ocrx_word' id='word_1_252' title='bbox 601 2804 759 2853; x_wconf 88' lang='lat' dir='ltr'>saepe</span> <span class='ocrx_word' id='word_1_253' title='bbox 794 2786 1104 2851; x_wconf 86' lang='lat' dir='ltr'>complicata</span> <span class='ocrx_word' id='word_1_254' title='bbox 1140 2784 1225 2834; x_wconf 77' lang='lat' dir='ltr'>vel</span> <span class='ocrx_word' id='word_1_255' title='bbox 1265 2785 1562 2836; x_wconf 86' lang='lat' dir='ltr'>convoluta.</span> <span class='ocrx_word' id='word_1_256' title='bbox 1631 2783 1817 2849; x_wconf 85' lang='lat' dir='ltr'>Ligula</span> <span class='ocrx_word' id='word_1_257' title='bbox 1855 2783 2061 2834; x_wconf 85' lang='lat' dir='ltr'>brevis-</span> 
     </span>
     <span class='ocr_line' id='line_1_36' title="bbox 179 2853 2058 2928; baseline -0.004 -18"><span class='ocrx_word' id='word_1_258' title='bbox 179 2863 310 2911; x_wconf 86' lang='lat' dir='ltr'>sima</span> <span class='ocrx_word' id='word_1_259' title='bbox 336 2859 531 2928; x_wconf 77' lang='lat' dir='ltr'>glabra.</span> <span class='ocrx_word' id='word_1_260' title='bbox 605 2857 838 2924; x_wconf 80' lang='lat' dir='ltr'>Vaginae</span> <span class='ocrx_word' id='word_1_261' title='bbox 873 2857 1091 2921; x_wconf 81' lang='lat' dir='ltr'>longae,</span> <span class='ocrx_word' id='word_1_262' title='bbox 1131 2854 1476 2913; x_wconf 85' lang='lat' dir='ltr'>convolutae,</span> <span class='ocrx_word' id='word_1_263' title='bbox 1513 2853 1722 2912; x_wconf 87' lang='lat' dir='ltr'>laeves,</span> <span class='ocrx_word' id='word_1_264' title='bbox 1771 2853 1910 2902; x_wconf 92' lang='lat' dir='ltr'>collo</span> <span class='ocrx_word' id='word_1_265' title='bbox 1940 2853 2058 2902; x_wconf 87' lang='lat' dir='ltr'>bar-</span> 
     </span>
     <span class='ocr_line' id='line_1_37' title="bbox 178 2921 2056 2991; baseline -0.004 -12"><span class='ocrx_word' id='word_1_266' title='bbox 178 2931 346 2979; x_wconf 88' lang='lat' dir='ltr'>batae.</span> <span class='ocrx_word' id='word_1_267' title='bbox 421 2929 668 2977; x_wconf 86' lang='lat' dir='ltr'>I’anicula</span> <span class='ocrx_word' id='word_1_268' title='bbox 707 2926 865 2976; x_wconf 78' lang='lat'>5—6</span> <span class='ocrx_word' id='word_1_269' title='bbox 906 2924 1128 2991; x_wconf 87' lang='lat' dir='ltr'>pollices</span> <span class='ocrx_word' id='word_1_270' title='bbox 1176 2923 1358 2988; x_wconf 80' lang='lat' dir='ltr'>longa,</span> <span class='ocrx_word' id='word_1_271' title='bbox 1415 2933 1620 2981; x_wconf 87' lang='lat' dir='ltr'>erecta,</span> <span class='ocrx_word' id='word_1_272' title='bbox 1677 2921 2056 2981; x_wconf 84' lang='lat' dir='ltr'>strictiuscula,</span> 
     </span>
     <span class='ocr_line' id='line_1_38' title="bbox 183 2991 2058 3059; baseline -0.005 -11"><span class='ocrx_word' id='word_1_273' title='bbox 183 2999 360 3048; x_wconf 84' lang='lat' dir='ltr'>densa.</span> <span class='ocrx_word' id='word_1_274' title='bbox 399 2998 549 3046; x_wconf 83' lang='lat' dir='ltr'>Rami</span> <span class='ocrx_word' id='word_1_275' title='bbox 576 2995 897 3052; x_wconf 73' lang='lat' dir='ltr'>fasciculati,</span> <span class='ocrx_word' id='word_1_276' title='bbox 929 2993 1071 3059; x_wconf 76' lang='lat' dir='ltr'>spira</span> <span class='ocrx_word' id='word_1_277' title='bbox 1102 2992 1219 3041; x_wconf 86' lang='lat' dir='ltr'>sere</span> <span class='ocrx_word' id='word_1_278' title='bbox 1247 2992 1402 3049; x_wconf 81' lang='lat' dir='ltr'>torti,</span> <span class='ocrx_word' id='word_1_279' title='bbox 1441 2991 1709 3057; x_wconf 86' lang='lat' dir='ltr'>appressi,</span> <span class='ocrx_word' id='word_1_280' title='bbox 1739 2992 1940 3049; x_wconf 86' lang='lat' dir='ltr'>scabri,</span> <span class='ocrx_word' id='word_1_281' title='bbox 1980 2991 2058 3040; x_wconf 86' lang='lat' dir='ltr'>di-</span> 
     </span>
     <span class='ocr_line' id='line_1_39' title="bbox 180 3061 1965 3130; baseline -0.004 -12"><span class='ocrx_word' id='word_1_282' title='bbox 180 3068 299 3119; x_wconf 77' lang='lat' dir='ltr'>visi.</span> <span class='ocrx_word' id='word_1_283' title='bbox 372 3067 602 3116; x_wconf 85' lang='lat' dir='ltr'>Rhachis</span> <span class='ocrx_word' id='word_1_284' title='bbox 641 3081 967 3130; x_wconf 86' lang='lat' dir='ltr'>compressa,</span> <span class='ocrx_word' id='word_1_285' title='bbox 1008 3062 1210 3128; x_wconf 83' lang='lat' dir='ltr'>scabra.</span> <span class='ocrx_word' id='word_1_286' title='bbox 1286 3061 1527 3128; x_wconf 87' lang='lat' dir='ltr'>Spiculae</span> <span class='ocrx_word' id='word_1_287' title='bbox 1568 3061 1965 3127; x_wconf 77' lang='lat' dir='ltr'>subspatliceae.</span> 
     </span>
    </p>
   </div>
   <div class='ocr_carea' id='block_1_10' title="bbox 189 3145 2060 3288">
    <p class='ocr_par' dir='ltr' id='par_1_10' title="bbox 189 3145 2060 3288">
     <span class='ocr_line' id='line_1_40' title="bbox 324 3145 2060 3216; baseline -0.002 -15"><span class='ocrx_word' id='word_1_288' title='bbox 324 3151 547 3201; x_wconf 79' lang='lat' dir='ltr'>Habitat</span> <span class='ocrx_word' id='word_1_289' title='bbox 572 3186 575 3188; x_wconf 95' lang='lat'>-</span> <span class='ocrx_word' id='word_1_290' title='bbox 600 3151 651 3200; x_wconf 81' lang='lat' dir='ltr'>in</span> <span class='ocrx_word' id='word_1_291' title='bbox 691 3150 891 3216; x_wconf 76' lang='lat' dir='ltr'>campis</span> <span class='ocrx_word' id='word_1_292' title='bbox 936 3147 1062 3196; x_wconf 77' lang='lat' dir='ltr'>altis</span> <span class='ocrx_word' id='word_1_293' title='bbox 1098 3147 1411 3213; x_wconf 79' lang='lat' dir='ltr'>provinciae</span> <span class='ocrx_word' id='word_1_294' title='bbox 1463 3145 1772 3199; x_wconf 73' lang='lat' dir='ltr'>Minarczm.</span> <span class='ocrx_word' id='word_1_295' title='bbox 1827 3145 2060 3214; x_wconf 80' lang='lat' dir='ltr'>(Marl.)</span> 
     </span>
     <span class='ocr_line' id='line_1_41' title="bbox 189 3220 2040 3288; baseline -0.012 -14"><span class='ocrx_word' id='word_1_296' title='bbox 189 3220 374 3274; x_wconf 72' lang='lat' dir='ltr'>Floret</span> <span class='ocrx_word' id='word_1_297' title='bbox 418 3220 619 3288; x_wconf 75' lang='lat' dir='ltr'>Aprili.</span> <span class='ocrx_word' id='word_1_298' title='bbox 698 3227 776 3284; x_wconf 72' lang='lat'>74.</span> <span class='ocrx_word' id='word_1_299' title='bbox 2035 3248 2040 3252; x_wconf 87' lang='lat'>.</span> 
     </span>
    </p>
   </div>
   <div class='ocr_carea' id='block_1_11' title="bbox 189 3301 2059 3442">
    <p class='ocr_par' dir='ltr' id='par_1_11' title="bbox 189 3263 2059 3442">
     <span class='ocr_line' id='line_1_42' title="bbox 239 3301 2059 3372; baseline -0.004 -11"><span class='ocrx_word' id='word_1_300' title='bbox 239 3338 242 3345; x_wconf 93' lang='lat'><em>·</em></span> <span class='ocrx_word' id='word_1_301' title='bbox 326 3311 687 3360; x_wconf 72' lang='lat' dir='ltr'>Observ.</span> <span class='ocrx_word' id='word_1_302' title='bbox 798 3305 1108 3356; x_wconf 79' lang='lat' dir='ltr'>Aristida</span> <span class='ocrx_word' id='word_1_303' title='bbox 1167 3305 1466 3372; x_wconf 85' lang='lat' dir='ltr'>gracilis</span> <span class='ocrx_word' id='word_1_304' title='bbox 1520 3303 1636 3356; x_wconf 84' lang='lat' dir='ltr'>Ell.</span> <span class='ocrx_word' id='word_1_305' title='bbox 1708 3301 1837 3355; x_wconf 84' lang='lat' dir='ltr'>Bot.</span> <span class='ocrx_word' id='word_1_306' title='bbox 1891 3305 1950 3372; x_wconf 73' lang='grc' dir='ltr'>ο]</span> <span class='ocrx_word' id='word_1_307' title='bbox 2007 3303 2059 3354; x_wconf 90' lang='lat' dir='ltr'>S.</span> 
     </span>
     <span class='ocr_line' id='line_1_43' title="bbox 189 3370 2058 3442; baseline -0.004 -11"><span class='ocrx_word' id='word_1_308' title='bbox 189 3379 399 3440; x_wconf 82' lang='lat' dir='ltr'>Carol.,</span> <span class='ocrx_word' id='word_1_309' title='bbox 457 3376 605 3428; x_wconf 78' lang='lat' dir='ltr'>Trin.</span> <span class='ocrx_word' id='word_1_310' title='bbox 647 3377 739 3428; x_wconf 86' lang='lat' dir='ltr'>Gr.</span> <span class='ocrx_word' id='word_1_311' title='bbox 785 3372 941 3441; x_wconf 63' lang='lat' dir='ltr'>unffi.</span> <span class='ocrx_word' id='word_1_312' title='bbox 987 3384 1034 3424; x_wconf 83' lang='lat' dir='ltr'>et</span> <span class='ocrx_word' id='word_1_313' title='bbox 1074 3370 1309 3441; x_wconf 62' lang='lat' dir='ltr'>sesquifl.</span> <span class='ocrx_word' id='word_1_314' title='bbox 1345 3393 1400 3441; x_wconf 83' lang='lat' dir='ltr'>p.</span> <span class='ocrx_word' id='word_1_315' title='bbox 1443 3376 1564 3440; x_wconf 81' lang='lat'>178,</span> <span class='ocrx_word' id='word_1_316' title='bbox 1605 3374 1787 3425; x_wconf 81' lang='lat' dir='ltr'>differt</span> <span class='ocrx_word' id='word_1_317' title='bbox 1820 3375 2058 3442; x_wconf 85' lang='lat' dir='ltr'>panicula</span> 
     </span>
    </p>
   </div>
   <div class='ocr_carea' id='block_1_12' title="bbox 185 3452 349 3501">
    <p class='ocr_par' dir='ltr' id='par_1_12' title="bbox 185 3452 349 3501">
     <span class='ocr_line' id='line_1_44' title="bbox 185 3452 349 3501; baseline -0.018 0"><span class='ocrx_word' id='word_1_318' title='bbox 185 3452 349 3501; x_wconf 77' lang='lat' dir='ltr'>tenui.</span> 
     </span>
    </p>
   </div>
  </div>
 </body>
</html>
