2100 3882
175 196 282 250 268
712 190 1060 241 ΕΒΑΜῙΝΕΑΕ.
1133 189 1510 242 Ornismssuus.

250 386 252 389 .
321 340 668 409 Oplismenus
705 339 1021 404 sylvaticus‚
1060 337 1130 389 R.
1162 348 1212 388 et
1240 337 1365 389 Sclz.
1400 337 1454 388 S.
1497 337 1555 387 V.
1583 336 1662 389 II.
1686 356 1745 406 p.
1774 339 1898 400 481.

314 430 572 481 Panicum
611 427 929 491 sylvaticum
952 465 967 489 ,
1004 423 1169 476 Lam.
1195 425 1340 478 Enc.
1371 426 1533 477 meib.
1564 428 1659 478 IV.
1681 445 1737 495 p.
1766 426 1888 493 743.

313 516 570 567 Panicum
604 514 880 565 birtellum
928 534 1035 568 var.
1060 553 1075 578 ,
1124 513 1288 564 Lam.
1325 514 1419 566 Ill.
1450 534 1576 584 gen.
1613 535 1665 566 η.
1695 516 1815 581 877.

309 604 420 655 Sub
459 604 661 683 Punico
698 603 914 654 hirtello
954 622 1020 654 ex
1054 605 1203 654 India
1255 622 1336 656 or.
1390 605 1447 653 in
1483 603 1652 654 Herb.
1695 602 1940 657 Willd.
1980 601 2063 653 in-

380 690 522 723 veni.

232 770 237 772 “
310 759 538 809 Habitat
594 758 648 808 in
698 757 943 809 Brasilia
995 759 1332 810 australiori.
1388 757 1638 826 (Sellow.
1685 783 1757 797 ·-·
1835 758 1955 812 Vidi
2004 758 2060 810 in

167 829 335 882 Herb.
381 829 517 899 Reg.
556 827 772 890 Berol.)

314 920 608 970 Observ.
675 919 756 968 Ab
798 917 1218 984 Oplismeno
1254 918 1598 979 loliaceo,
1635 921 1703 969 Η.
1747 929 1802 970 et
1837 918 1932 978 K,
1973 919 2062 969 cui

174 989 480 1040 simillimus
517 1001 597 1037 est
635 989 891 1055 cujusque
922 988 1040 1036 sere
1087 987 1311 1038 varietas
1364 1000 1550 1055 posset
1588 988 1792 1049 videri,
1847 987 2063 1039 differt:

172 1061 348 1110 culmo
385 1059 685 1120 debiliore3
728 1058 875 1107 foliis
912 1057 1210 1106 minoribus
1236 1093 1248 1117 ‚
1289 1058 1375 1108 vix
1398 1059 1835 1126 sesquipollicem
1864 1059 2061 1126 longis,

166 1143 204 1191 4
248 1129 418 1179 lineas
459 1130 609 1187 latis,
666 1129 721 1176 iu
773 1128 964 1193 pagina
1021 1127 1303 1193 superiore
1349 1127 1540 1194 pilosis
1584 1145 1760 1197 neque
1800 1128 1957 1178 nudis
2006 1141 2060 1179 et

168 1199 374 1251 scabris
411 1210 645 1260 tantum3
684 1197 888 1263 vaginis
927 1208 1141 1261 praeter
1187 1198 1311 1246 cilia
1344 1197 1600 1266 marginis
1642 1198 1806 1247 etiam
1847 1199 2058 1266 apicem

162 1286 350 1321 versus
411 1268 657 1334 pilosulis
684 1303 696 1325 ,
760 1267 890 1333 pilis
934 1267 1186 1316 mollibus
1231 1285 1258 1316 e
1312 1267 1590 1318 tuberculo
1635 1268 2056 1334 prodeuntibus;

161 1339 329 1407 spicis
374 1338 687 1405 partialibus
719 1337 885 1404 magis
931 1338 1129 1386 erectis
1166 1347 1219 1385 et
1253 1355 1412 1404 saepe
1445 1337 1633 1388 rhachi
1660 1337 1928 1389 communi
1963 1355 2057 1407 ap-

161 1409 403 1477 pressis,
441 1407 816 1471 brevioribus;
857 1407 1081 1474 spiculis
1115 1407 1428 1458 minoribus.

559 1564 606 1614 4.
657 1569 1131 1608 OPLISMENUS
1189 1572 1559 1609 MINARUM.
1613 1563 1644 1615 ἦ·

305 1682 373 1734 Ο.
403 1682 579 1733 culmo
623 1682 957 1748 subsimplici
990 1693 1286 1750 prostrato,
1339 1683 1489 1734 soliis
1513 1682 1830 1734 lanceolatis
1857 1683 2055 1751 subpe-

161 1752 369 1804 tiolatis
418 1770 576 1818 supra
612 1764 665 1802 et
712 1754 950 1819 margine
998 1754 1339 1803 scaberrimis
1386 1755 1570 1804 subtus
1607 1754 1922 1804 tenuissime
1956 1773 2054 1822 pu·

166 1823 545 1885 bescenfibus,
587 1823 752 1888 spicis
783 1824 993 1872 octonis
1030 1825 1094 1873 ad
1120 1826 1279 1873 denas
1316 1824 1566 1884 alternis,
1605 1823 1826 1889 spiculis
1858 1824 2053 1893 subge-

164 1893 360 1953 minis,
400 1893 717 1942 inferiorum
746 1910 905 1960 saepe
940 1893 1102 1942 altera
1137 1894 1308 1943 sterili
1344 1895 1651 1944 setaeformi
1674 1931 1686 1955 ‚
1726 1894 1919 1962 glumis
1945 1895 2051 1944 ari·

159 1964 312 2014 statis
351 1964 615 2012 inferiore
655 1964 860 2023 ciliata,
901 1962 1127 2013 flosculo
1164 1965 1397 2014 masculo
1426 1965 1622 2014 bivalvi
1655 1965 1873 2014 mutico.

294 2051 510 2101 Culmus
550 2051 773 2100 circiter
809 2051 1047 2117 pedalis,
1089 2052 1484 2118 procumbens,
1535 2070 1712 2120 neque
1747 2052 1827 2116 (in
1859 2062 2049 2102 nostro

156 2120 373 2182 saltem)
412 2120 777 2178 radiculosus‚
819 2124 1089 2181 nodosus,
1129 2123 1293 2171 laevis
1317 2158 1329 2174 .
1368 2135 1509 2171 totus
1543 2122 1607 2171 ad
1634 2123 1841 2188 apicem
1881 2140 2049 2190 usque

159 2190 368 2259 vaginis
413 2201 604 2239 tectus.
693 2191 847 2240 Folia
901 2193 1076 2241 omnia
1126 2210 1333 2241 sursum
1379 2194 1611 2249 directa,
1667 2191 2050 2259 approximata,

159 2262 320 2322 4—5
358 2259 791 2328 polliceslonga,
830 2264 988 2321 4—5
1033 2263 1197 2310 lineas
1229 2262 1359 2322 lata,
1402 2262 1712 2322 lanceolata,
1747 2262 1907 2328 longe
1928 2280 2050 2315 acu-2

157 2331 388 2390 minata,
432 2331 641 2388 stricta,
683 2332 800 2394 basi
835 2333 888 2380 in
924 2333 1181 2398 petiolum
1228 2332 1448 2382 brevem
1491 2332 1896 2382 canaliculatum
1935 2331 2048 2380 hir-

152 2397 342 2465 >‘'sutum
377 2412 647 2450 contracta
668 2440 679 2461 ‚
719 2403 959 2468 margine
991 2403 1330 2468 cartilaginea
1379 2414 1430 2451 et
1463 2403 1602 2451 sacie
1635 2419 1802 2469 prona
1832 2401 2047 2451 scaber·

154 2471 323 2531 rima,
390 2470 574 2520 subtus
632 2472 978 2520 subtilissime.
1028 2472 1377 2539 pubescentia
1422 2473 1725 2538 pallidiora.
1805 2472 2045 2538 Vaginae

156 2552 370 2598 arctae,
431 2542 684 2600 sirmiae,
737 2542 1034 2591 tuberculis
1079 2543 1331 2609 setigeris
1371 2541 1637 2602 hirsutae,
1693 2541 1933 2610 margine
1969 2541 2046 2590 ci-

152 2610 313 2660 liatae
334 2646 347 2667 ,
388 2610 540 2674 apice
566 2613 819 2678 utrinque
850 2612 1039 2661 obtuse
1077 2614 1396 2661 auriculatae
1425 2613 1668 2680 calloque
1692 2612 1883 2662 lineari
1909 2611 2044 2661 cris-

152 2698 275 2747 pam
306 2679 427 2729 folii
454 2680 608 2729 basin
647 2682 1001 2740 exteriorem,
1043 2699 1137 2730 seu
1166 2683 1454 2747 petiolum,
1497 2684 1794 2748 cingentes.
1847 2680 2041 2748 Ligula

154 2750 244 2798 vix
273 2750 393 2798 ulla.
467 2750 755 2799 Paniculae
801 2751 945 2799 basis
993 2752 1177 2817 vagina
1234 2751 1505 2816 superiori
1549 2752 1768 2800 inclusa.
1845 2752 2038 2818 Spicae

154 2819 276 2868 8—-
301 2837 358 2868 10
392 2819 626 2869 alternae
663 2822 745 2869 vel
782 2821 1193 2887 suboppositae,
1254 2822 1338 2868 vix
1387 2821 1701 2885 pollicareS,
1754 2821 2034 2871 secundae.

151 2887 386 2939 Rhachis
419 2891 715 2939 communis
745 2891 1036 2957 triquetra,
1078 2890 1261 2940 scabra
1283 2926 1294 2948 ‚
1335 2891 1395 2938 ad
1424 2890 1578 2939 bases
1606 2891 1869 2957 spicarum
1890 2890 2033 2940 villis

154 2956 288 3008 albis
312 2957 545 3008 barbata.
620 2960 864 3010 Rhac'sses
903 2961 1155 3027 propriae
1201 2960 1388 3008 itidem
1426 2961 1753 3027 triquetrae,
1814 2960 2034 3010 scabrae

153 3038 209 3076 et
238 3027 330 3076 ubi
367 3028 604 3091 spiculae
651 3030 899 3079 oriuntur
932 3030 1118 3079 setulis
1157 3031 1359 3096 aliquot
1385 3067 1398 3090 ,
1449 3047 1476 3078 e
1518 3031 1763 3080 dentibus
1797 3030 2032 3096 ipsarum

151 3096 577 3164 prodeuntibus,
617 3098 846 3148 ciliatae.
921 3100 1169 3165 Spiculae
1203 3099 1541 3159 imbricatae,
1582 3101 1869 3158 disfichae,
1908 3117 2034 3166 pro-

155 3165 278 3234 prie
311 3167 523 3233 quidem
555 3169 830 3234 geminae,
883 3169 973 3218 sed
1002 3170 1205 3218 inserae
1238 3170 1521 3236 pleraeque
1548 3171 1766 3219 alterius
1799 3168 2033 3234 spiculae

152 3236 276 3287 loco
300 3252 557 3302 processu
582 3254 892 3304 compresso
935 3239 1173 3288 subulato
1208 3239 1386 3287 ciliato
1418 3240 1481 3287 ad
1506 3240 1654 3288 basin
1689 3249 1873 3288 auctae
1894 3275 1906 3299 ,
1948 3254 2033 3287 su-

155 3305 405 3373 periores
435 3308 717 3356 nonnullae
744 3325 932 3356 revera
961 3310 1222 3373 geminae.
1299 3309 1519 3358 Glurnae
1558 3327 1740 3375 parum
1785 3309 2036 3374 inaequa-

158 3375 271 3434 leS‚
323 3377 879 3436 ovato-lanceolatae‚
932 3379 1226 3436 caminatae,
1278 3379 1478 3444 pallide
1530 3379 1750 3428 virides:
1804 3375 2036 3426 infe-rior

154 3444 213 3495 i'n
253 3456 419 3495 setam
460 3445 692 3510 ejusdem
739 3447 1089 3514 longitudinis
1141 3448 1374 3510 scabram
1415 3459 1709 3506 attenuata,
1758 3445 2033 3505 trinervis‚
2096 3458 2100 3512 j

155 3515 286 3565 setis
311 3514 487 3580 longis
514 3531 800 3566 nervorum
831 3517 1040 3579 ciliata3
1094 3519 1341 3583 superior
1379 3517 1594 3568 brevius
1641 3518 1874 3583 setigera
1905 3515 2035 3577 (ari-
2094 3535 2098 3568 ,ι

150 3583 341 3650 stata),
380 3584 816 3656 quinquenervis„
849 3589 1029 3638 carina
1061 3588 1269 3651 scabra,
1309 3587 1506 3656 glabra.
1579 3590 1622 3638 F
1626 3586 1860 3638 losculus
1894 3586 2031 3637 alter
