2100 3882
159 160 274 215 256*
751 152 1106 206 GnAmmnAss.
1176 154 1453 206 Primnum.

306 309 355 359 V
372 325 398 356 a
415 324 458 356 r.
495 311 542 358 β.
582 304 799 370 spiculis
820 303 1031 368 longius
1053 304 1300 370 setigeris
1327 302 1567 371 pallidis,
1593 302 1677 368 R.
1709 309 1761 351 et
1787 299 1907 351 Sch.
1936 299 1973 352 I.
1989 320 2037 354 e.

308 377 562 427 Panicum
598 376 730 425 Crus
769 374 959 434 Corvi,
997 375 1274 424 Autorum
1311 374 1585 423 variorum
1623 376 1693 440 (e.
1719 389 1803 440 gr.
1844 370 2035 423 Wlld.

367 443 556 504 Herb.)
920 462 923 465 ·

304 516 401 565 Oh
420 533 441 563 s
461 533 488 564 e
505 534 532 563 r
546 531 594 562 v.
669 514 854 562 Gluma
885 512 1114 561 inferior
1137 511 1569 579 quinquenervis,
1611 511 1858 577 superior
1884 511 2036 578 quin-

166 585 450 656 quenervis
488 584 636 650 apice
676 582 1080 645 novemnervis3
1135 580 1346 631 flosculi
1392 582 1630 630 neutrius
1663 581 1893 629 inferior
1928 582 2037 631 val-

162 658 282 707 vula
320 655 616 722 quinque-,
671 654 820 719 apice
861 664 1059 718 septem
1080 652 1506 701 -novemnervis.
1546 680 1613 689 —-
1647 651 1829 703 Variat
1863 650 2037 716 spicu-

161 727 229 776 lis
256 724 463 773 muticis
494 736 545 772 et
573 722 843 789 setigeris,
901 727 1035 784 (seta
1063 721 1118 768 in
1152 722 1419 770 nonnullis
1453 722 1741 788 praelonga
1756 721 1797 786 ,)
1851 720 2039 771 viridi-

159 796 289 856 bus,
327 795 638 861 plerumque
670 801 839 841 autem
866 807 1099 858 purpura
1132 791 1431 857 variegatis,

303 886 420 932 Hoc
455 898 671 949 gramen
719 891 865 929 certe
907 890 958 928 et
988 880 1261 944 Europam
1296 890 1347 927 et
1378 879 1677 929 Americam
1709 878 1929 938 incolit,
1970 889 2036 937 at,

167 971 293 1006 vera
328 969 461 1020 qnae
504 952 609 1000 sint
631 950 859 999 Asiatica
893 948 1210 1014 specimina,
1250 966 1359 996 non
1401 949 1646 1002 vidimus.

310 1040 537 1090 Habitat
567 1047 615 1088 et
647 1038 699 1087 in
724 1034 986 1086 Brasilia.
1030 1032 1210 1097 (Trin.
1242 1033 1408 1084 Herb.
1446 1066 1516 1074 -
1561 1035 1680 1084 Vidi
1708 1033 1763 1084 in
1792 1034 1935 1098 eod.)

300 1130 538 1180 Adnot.
578 1127 615 1176 Ι.
688 1125 912 1175 Accedit
938 1123 1002 1172 ad
1033 1123 1168 1173 hanc
1199 1123 1430 1189 speciem
1467 1124 1630 1172 altera
1678 1124 1791 1174 sive
1829 1125 2039 1190 species

165 1203 278 1252 sive
322 1200 580 1257 varietas,
640 1215 666 1245 a
714 1194 1075 1243 recentiorum
1118 1194 1390 1259 plerisque
1437 1195 1713 1259 neglecta,
1767 1212 1917 1261 quam
1953 1195 2041 1244 hic

161 1271 428 1320 illustrare
457 1281 508 1317 et
538 1265 996 1316 observationibus
1026 1263 1394 1313 commendare
1428 1280 1491 1311 ex
1514 1280 1573 1311 re
1605 1263 1738 1311 erit:

301 1358 602 1408 Panicum
669 1354 853 1420 oryzi
873 1370 1020 1401 num
1090 1353 1245 1400 Gm.:
1302 1351 1447 1417 spica
1504 1351 1796 1416 composita
1857 1363 2035 1401 erecta

155 1431 298 1489 laxa,
341 1427 644 1495 partialibus
673 1424 890 1472 alternis
917 1421 1101 1471 rhachi
1142 1422 1415 1488 angulosa,
1472 1422 1689 1487 spiculis
1723 1421 1890 1470 ovatis
1926 1432 2036 1470 tur-

157 1500 296 1568 gidis
327 1498 510 1555 hirtis,
551 1497 724 1562 gluma
760 1494 1020 1541 inferiore
1064 1504 1254 1541 ovato—
1274 1491 1563 1540 orbiculata
1601 1492 1855 1541 cucullata
1887 1503 2035 1540 acuta

158 1570 360 1636 spicula
394 1568 553 1632 triplo
579 1564 862 1622 breviore,
906 1562 1184 1627 superiore
1220 1560 1512 1610 acuminato
1537 1573 1868 1620 mucronata,
1907 1559 2034 1610 flos-

157 1640 262 1689 culi
291 1638 528 1687 neutrius
566 1635 762 1685 valvula
805 1633 1065 1681 inferiore
1109 1634 1267 1697 longe
1310 1631 1563 1697 setigera,
1616 1632 1860 1697 caryopsi
1890 1643 2040 1680 ovata

158 1709 318 1776 gibba
342 1708 490 1774 apice
514 1716 816 1754 mucronata
838 1740 849 1762 ,
895 1704 1065 1752 culmo
1101 1713 1280 1751 erecto
1312 1702 1516 1768 vaginis
1541 1701 1795 1769 foliisque
1824 1701 2038 1768 glabris,

154 1779 240 1828 ‘his
267 1779 381 1828 basi
416 1776 598 1836 nudis,
639 1775 800 1841 ligula
832 1774 988 1831 nulla,

297 1867 546 1915 Panicum
588 1863 903 1930 oryzoideS,
945 1859 1188 1909 Arclnini
1222 1857 1309 1927 Sp.
1353 1861 1431 1909 II.
1473 1868 1510 1909 t.
1542 1861 1595 1911 5.

298 1955 550 2004 Panicum
590 1953 890 2019 oryzinum,
946 1947 1114 1998 Gmcl.
1162 1946 1213 1999 S.
1257 1954 1308 1999 V.
1339 1951 1382 1997 I.
1412 1966 1468 2015 p.
1512 1952 1623 2015 157.

295 2043 550 2092 Panicum
604 2040 928 2106 stagninum,
1000 2035 1153 2089 Host.
1215 2035 1399 2086 Gram.
1464 2038 1657 2086 Austr.
1715 2036 1828 2087 III.
1870 2045 1910 2101 t,
1950 2039 2037 2090 51.

363 2116 572 2161 Steven.
612 2109 786 2158 rilem.
831 2112 947 2157 Soc.
989 2107 1056 2157 N.
1099 2105 1211 2155 Ser.
1252 2106 1435 2174 Μῦες.
1480 2109 1594 2156 III.
1629 2125 1683 2172 ρ.
1725 2109 1839 2157 251.

294 2201 548 2251 Panicum
584 2199 794 2258 Hostii,
852 2194 945 2244 EI.
987 2213 1019 2242 a
1055 2193 1202 2243 Eieb.
1240 2192 1323 2243 Fl.
1358 2191 1419 2242 Τ.
1461 2192 1623 2243 Cane.
1652 2192 1838 2263 Suppl.
1869 2212 1923 2259 ρ.
1951 2197 2038 2259 57.

293 2289 656 2340 Echinochloa
712 2286 949 2353 stagnina
1007 2285 1273 2344 hanatica,
1355 2281 1425 2333 R.
1472 2292 1523 2332 et
1572 2281 1690 2334 Sch.
1735 2285 1787 2332 S.
1849 2287 1902 2334 V.
1954 2284 2037 2333 II.

355 2378 410 2426 ρ.
438 2372 556 2425 477.
594 2365 744 2410 nola.
1605 2380 1612 2382 κ

296 2449 665 2515 (Oplismenus
710 2445 1007 2511 st‘agninus,
1059 2440 1178 2511 Spr.
1209 2440 1262 2494 S.
1312 2446 1399 2506 V.,
1451 2440 1646 2491 misere
1698 2451 1882 2492 vexata
1921 2457 2042 2509 spe·

365 2518 504 2580 cies,
545 2517 697 2567 citari
732 2517 962 2581 nequit.)

298 2606 661 2656 Echinochloa
703 2615 1034 2661 commutata,
1076 2597 1195 2650 Sck.
1230 2599 1413 2650 Mant.
1451 2599 1525 2651 II.
1551 2619 1606 2668 ρ.
1653 2598 1735 2651 26.

300 2694 593 2744 Obscrv.
680 2694 987 2742 Proximum
1043 2708 1167 2740 sane
1230 2690 1332 2739 hoc
1387 2701 1466 2739 est
1511 2688 1779 2737 Panieo
1839 2687 2037 2737 Cruri

160 2763 356 2830 galli,
399 2764 588 2814 differe
624 2776 798 2814 tamen
844 2763 1173 2812 existimares
1223 2760 1366 2825 spica
1413 2759 1480 2808 ob
1528 2757 1750 2808 rhachin
1792 2759 2036 2825 gracilio-

163 2849 276 2881 rem
313 2834 393 2882 vel
426 2837 477 2882 in
508 2835 729 2883 maximo
761 2835 931 2883 culmo
962 2832 1190 2888 laxiore,
1240 2846 1346 2877 non
1377 2827 1764 2893 decomposita,
1805 2828 2039 2894 partiali-

160 2900 259 2950 bus
292 2902 639 2953 inserioribus
675 2921 830 2970 saepe
861 2900 1226 2969 pedunculatis
1257 2911 1309 2948 et
1334 2918 1361 2946 a
1391 2898 1594 2964 vaginis
1621 2898 1833 2947 summis
1871 2897 2038 2947 adhuc

158 2970 273 3020 basi
315 2973 590 3032 involutis,
657 2975 874 3040 spiculis
926 2990 1073 3039 quam
1113 2971 1167 3018 in
1214 2971 1274 3017 P.
1327 2970 1536 3018 Crure
1587 2967 1763 3034 galli
1815 2967 2035 3017 dimidio

160 3039 447 3106 majoribus
468 3080 480 3101 ‚
518 3042 710 3109 pallide
741 3055 792 3091 et
822 3044 1006 3109 glauco
1037 3040 1298 3091 viridibus
1331 3054 1586 3104 nusquam
1613 3037 1893 3096 coloratis,
1934 3038 2031 3086 rel.

159 3109 344 3159 Gluma
402 3112 630 3161 inferior
673 3111 1115 3178 quinquenervis,
1171 3109 1417 3175 superior
1463 3107 1610 3172 apice
1652 3106 1892 3155 obsolete
1941 3123 2037 3156 no-

160 3183 485 3239 vemnervis,
524 3182 674 3231 basin
701 3197 887 3232 versus
921 3180 1168 3228 distincte
1208 3177 1653 3245 quinquenervis3
1694 3192 1894 3243 eaeque
1927 3193 2036 3225 mo-

157 3249 278 3299 dice
321 3249 490 3299 hirtae
534 3253 847 3318 molliusque
883 3251 1105 3299 ciliatae.
1179 3247 1415 3297 Flosculi
1446 3247 1683 3296 neutrius
1719 3247 1922 3296 valvula
1956 3246 2034 3294 in-

153 3317 327 3368 ferior
359 3321 537 3370 nervis
572 3334 774 3387 septem
802 3319 1067 3370 continuis
1101 3329 1302 3374 notata3
1343 3328 1449 3364 seta
1487 3316 1820 3365 rectiuscula.

290 3408 477 3458 Aduo
498 3420 539 3458 t.
591 3413 655 3458 II.
744 3409 1074 3458 Panicum
1140 3404 1593 3472 hispidulum,
1673 3399 1838 3451 Lam.
1897 3398 2038 3450 Erec.

151 3475 310 3527 mech.
346 3479 442 3529 IV.
472 3496 528 3545 p.
570 3487 691 3544 744.
727 3477 798 3527 R.
834 3487 884 3527 et
913 3476 1033 3526 Sch.
1070 3473 1123 3524 S.
1162 3474 1221 3525 V.
1255 3473 1408 3542 [Lp.
1446 3475 1566 3538 478.
1607 3472 1745 3537 (not.
1774 3470 1847 3520 ad
1875 3467 2037 3519 Pani-

151 3562 271 3597 cum
295 3545 433 3599 Cras
460 3549 633 3610 corvi)
654 3586 671 3613 ‚
699 3549 855 3619 ,quod
891 3549 954 3599 ad
989 3547 1310 3598 Panicum
1349 3542 1828 3610 (Echinochloam)
1863 3551 2035 3606 stag-
