2100 3882
143 125 182 155 1¹
238 123 245 125 ’
578 124 580 126 ’
720 120 734 126 ’
800 126 803 128 ’
899 118 1290 166 Fami-Arios
1354 120 1415 128 '⁴‘

155 277 284 334 tus,
333 285 694 345 quamquam
717 286 842 323 non
867 267 1161 336 monitus,
1209 268 1539 348 intelliget,
1585 271 1742 327 hanc
1772 290 2018 349 operam

154 401 298 460 prae
343 382 477 439 aliis
518 383 749 452 multis,
794 385 914 442 hoc
959 385 1255 465 imprimis
1300 387 1582 457 eminere,
1630 387 1796 466 quod
1836 387 2022 448 multa

156 500 430 558 continet
487 500 804 558 subtiliore
857 503 1086 581 judicio
1143 505 1477 562 examinata
1521 519 1579 562 et
1623 526 1824 561 rerum
1867 505 2020 584 diju-
2059 553 2062 557 .

158 618 494 678 dicatarum
549 617 763 676 ordine
827 635 886 676 et
944 621 1219 679 ubertate
1282 644 1523 680 omnem
1575 622 1736 692 fere,
1815 637 1884 681 ut
1937 623 2024 680 ita

155 736 404 807 dicam,⁴
430 735 640 795 orbem
683 750 978 795 terrarum
1021 740 1464 820 complectitur.

318 856 386 912 Si
438 855 597 911 inter
659 875 730 911 ea
745 897 762 925 ,
841 877 994 934 quae
1049 858 1178 936 ipse
1234 859 1377 915 huic
1441 857 1732 915 volumini
1792 857 2023 936 subjeci

155 973 447 1037 nonnulla
499 987 558 1030 te
615 974 1123 1033 animadvertisse
1168 975 1521 1045 arbitreris>
1591 998 1744 1055 quae
1800 990 1904 1032 aut
1946 974 2024 1032 ad

150 1097 310 1154 hunc
368 1092 572 1149 locum
632 1074 938 1171 pertinere
999 1116 1126 1151 non
1175 1094 1529 1164 videantur,
1610 1108 1711 1151 aut
1776 1093 2022 1151 uberius

152 1224 522 1280 tractentur,
571 1231 753 1289 quam
787 1211 851 1268 in
880 1212 973 1268 his
1001 1213 1176 1270 terris
1206 1212 1354 1271 etin
1393 1213 1512 1270 hoc
1554 1211 1892 1269 litterarum
1933 1210 2023 1266 lu-

153 1332 314 1390 mine
372 1350 525 1408 opus
583 1329 692 1399 sit,
737 1330 952 1401 velim,
1000 1351 1256 1409 quaeso,
1305 1331 1691 1400 memineris,
1735 1350 1850 1387 nos
1900 1328 2021 1386 hoc

155 1469 399 1530 quoque
457 1447 522 1505 in
586 1448 859 1506 consiliis
927 1448 1243 1518 habuisse,
1311 1464 1376 1507 ut
1434 1470 1586 1529 opus
1640 1462 1914 1506 nostrum
1955 1446 2021 1503 in

153 1568 410 1627 Brasilia
453 1588 695 1646 quoque
741 1589 879 1625 cum
919 1567 1121 1626 fructu
1160 1568 1477 1645 legeretur.

320 1684 678 1743 Scribebam
699 1686 1007 1744 Monachii
1039 1687 1103 1742 in
1145 1686 1392 1744 aedibus
1440 1684 1840 1755 academiciS,
1888 1685 2025 1764 ipso

158 1807 301 1866 anni
322 1804 521 1864 nostri
548 1803 910 1862 brevissimo
944 1805 1070 1875 die,
1119 1803 1223 1884 qui
1256 1804 1416 1885 apud
1452 1803 1852 1861 Brasilienses
1887 1804 2022 1865 lon-

156 1926 438 2005 gissimus
479 1938 600 1993 est,
653 1923 1243 1981 circumsonantibus
1277 1921 1563 2002 procellis
1596 1937 1655 1979 et
1680 1923 1881 2003 pluvia
1914 1921 2022 1980 ob-

157 2057 497 2124 strepente,
568 2042 710 2099 dum
763 2041 891 2100 illic
943 2042 1181 2126 Jupiter
1246 2043 1410 2100 vultu
1463 2062 1678 2099 sereno
1722 2041 2024 2103 Tellurem

158 2163 411 2223 floribus
479 2161 881 2218 luxuriantem
955 2176 1015 2218 et
1079 2160 1378 2240 Zephyris
1444 2160 1662 2216 leniter
1739 2160 2026 2238 agitatam

164 2280 636 2363 contemplatur:
680 2280 795 2337 Die
838 2281 970 2338 XXI
1008 2279 1367 2339 Decembris
1411 2259 1939 2340 MDCCCXXVIII.

954 2722 1084 2787 Dr.
1141 2723 1213 2786 C.
1270 2723 1331 2783 F.
1391 2721 1510 2785 Ph.
1563 2720 1641 2781 de
1692 2720 2023 2782 Martius.
