2100 3882
147 287 263 340 quo
325 267 553 321 schedae
619 267 834 314 nostrae
900 260 1291 328 manuscriptae
1346 259 1681 327 typographo
1745 260 2038 312 tradendae
2095 306 2098 307 γ

155 340 339 400 erant,
376 336 612 389 nondum
650 334 715 383 ad
751 349 933 380 manus
969 330 1168 392 fuisse,
1209 347 1315 397 quo
1355 332 1531 379 citatis
1570 347 1738 391 nunc,
1790 342 2041 399 tanquam

154 410 410 467 ineditis,
466 404 649 471 operis
687 401 934 452 Triniani
970 399 1138 459 locis,
1195 401 1325 448 libri
1365 401 1617 465 impressi
1654 401 1881 468 paginae
1918 401 2042 450 sub-

155 480 308 548 jungi
344 477 662 545 potuissent.
757 475 907 520 Haec
946 483 1151 528 autem,
1215 486 1349 538 quae
1391 471 1652 527 diximus,
1721 473 1931 520 etiamsi
1971 472 2038 521 de

157 549 409 602 Paniceis
463 545 591 595 solis
641 541 881 602 valcant,
948 552 1123 590 tamen
1170 551 1224 589 et
1273 542 1329 588 in
1378 540 1606 607 reliquis
1651 541 1873 590 familiis
1920 558 2039 608 gra-

156 621 359 670 minum
396 614 718 673 tractandiS,
761 621 1015 680 quantum
1049 628 1135 659 res
1173 621 1363 677 poscet
1404 621 1457 659 et
1496 611 1706 677 tempus
1743 612 2042 678 permittet,

156 690 293 740 tanti
323 688 425 736 viri
450 686 643 734 bonam
674 699 909 748 operam,
950 697 1085 750 quae
1119 679 1234 747 ejus
1268 691 1352 729 est
1387 680 1706 743 humanitas,
1745 681 1903 731 nobis
1932 699 2043 731 non
2083 723 2088 727 ,

155 760 459 811 defuturam
500 771 617 804 esse
655 769 948 818 speramus.
1994 810 1996 812 V

293 828 419 881 Vir
480 821 1189 880 Excellentissimus‚
1278 822 1518 871 Comes
1590 821 1940 887 Gasparus
2016 839 2046 870 a

156 897 573 962 Sternherg,
633 910 791 961 quem
831 909 1015 941 omnes
1052 892 1131 940 rei
1167 892 1447 941 herbariae
1487 890 1721 940 cultores
1751 904 1959 957 patrem
1990 901 2045 940 et

156 968 564 1031 benefactorem
617 980 767 1012 suum
824 961 1131 1019 celebrant,
1200 961 1439 1011 herbarii
1487 961 1921 1022 Haenkeani‚
1973 960 2046 1022 ‚in

157 1044 350 1092 Museo
378 1034 671 1086 Bohemico
710 1031 875 1080 hodie
915 1030 1199 1092 asservati,
1240 1031 1506 1098 gramina,
1559 1047 1693 1099 quae
1731 1031 2044 1082 Preslius

156 1107 407 1160 tractavit
456 1103 872 1169 nominibusque
924 1103 1184 1158 notavit,
1233 1101 1562 1161 transmisit,
1626 1118 1692 1151 ex
1746 1102 1938 1171 quibus
1990 1111 2046 1151 et

155 1179 448 1230 brasiliana
484 1176 657 1241 aliqua
697 1172 760 1221 ad
799 1185 1035 1221 nostram
1072 1171 1287 1221 Floram
1326 1171 1687 1237 pertinebant.

299 1252 451 1299 Haec
491 1257 663 1294 autem
704 1253 855 1301 sunt,
926 1259 1060 1310 quae
1112 1241 1390 1291 materiam
1439 1241 1588 1307 quasi
1629 1242 1810 1306 operis
1849 1239 2049 1290 submi-

93 1326 103 1333 ”
155 1319 484 1373 nistrabant,
527 1313 863 1363 cumulabant
901 1309 1344 1380 excolebantque.
1438 1312 1544 1361 Sed
1582 1327 1702 1360 cum
1750 1312 1805 1359 in
1855 1311 2050 1377 grami-

158 1408 286 1440 num
325 1386 607 1454 speciebus
641 1382 960 1431 definiendis
998 1383 1260 1449 novisque
1300 1382 1362 1430 ab
1402 1381 1504 1442 iis,
1544 1399 1679 1448 quae
1718 1380 1822 1445 jam
1858 1383 1912 1428 in
1948 1380 2050 1430 lib·

159 1460 237 1510 ris
286 1458 511 1507 traditae
557 1465 709 1513 sunt,
778 1452 1202 1520 distinguendis,
1275 1452 1630 1519 (praesertim
1669 1453 1811 1519 quod
1846 1450 1912 1499 ad
1949 1453 2051 1512 Pa-

157 1531 339 1580 niceas
390 1539 442 1576 et
494 1523 868 1574 Saccliarineas
935 1523 1195 1586 attinet),
1265 1523 1352 1571 vix
1402 1521 1502 1570 tibi
1559 1522 1787 1589 aliisque
1842 1520 2048 1570 satisfa-

156 1601 293 1658 ciaS,
334 1596 438 1646 nisi
477 1595 542 1643 ad
579 1595 811 1661 genuina
848 1594 1174 1661 graminum,
1216 1611 1242 1640 a
1273 1592 1750 1659 praestantissimis
1781 1590 2049 1640 botanicis

155 1669 368 1737 pridem
424 1667 776 1715 collectorum
850 1675 903 1712 et
961 1663 1016 1711 in
1080 1679 1266 1711 eorum
1326 1662 1581 1727 operibus
1648 1661 2049 1727 descriptorum

158 1739 426 1805 exempla,
468 1748 712 1803 tanquam
746 1733 808 1782 ad
839 1733 1007 1783 vivam
1040 1731 1305 1799 fidamque
1341 1733 1664 1797 scriptorum
1700 1749 1890 1782 vocem
1920 1749 2048 1797 pro-

157 1826 353 1863 vocare
393 1806 605 1873 possis,
661 1805 713 1851 in
753 1804 857 1852 hoc
896 1804 1110 1851 maximi
1149 1804 1305 1851 nobis
1347 1819 1690 1869 summaeque
1730 1803 1885 1868 operi
1923 1818 2046 1850 nos-

157 1892 244 1931 tro
282 1877 532 1927 utilitatis
573 1886 624 1924 et
664 1876 825 1923 etiam
869 1873 1037 1922 laudis
1076 1873 1315 1922 habenda
1369 1883 1450 1922 est
1494 1872 1764 1923 fautorum
1814 1882 1868 1921 et
1917 1870 2046 1921 ami-

161 1967 347 2002 corum
384 1944 764 1995 beneficentia.

292 2017 590 2076 Herbaria,
634 2015 826 2082 quibus
865 2013 919 2061 in
956 2012 1098 2062 hunc
1132 2012 1290 2061 finem
1327 2011 1406 2061 uti
1442 2012 1616 2072 licuit,
1658 2009 2048 2063 sunt:.Will-

159 2088 612 2141 denovianum
647 2084 1037 2144 Berolinense,
1081 2078 1662 2134 Schreberianum
1701 2086 2044 2143 Monacense,

159 2158 676 2228 Agardhiannm
728 2154 1043 2215 Lundense,
1119 2153 1522 2202 Trinianum
1562 2153 2046 2217 Petropolitanum,

155 2230 521 2281 Haenlzean
544 2245 635 2273 um
674 2228 974 2291 Pragense.
1041 2237 1364 2289 praeterque
1406 2240 1465 2271 ea
1519 2236 1572 2272 et
1615 2223 1853 2289 gramina
1905 2238 2047 2270 ame-

157 2302 340 2351 ricana
387 2297 628 2346 herbarii
678 2295 864 2358 inclyti
902 2294 1195 2358 Meyeri,
1259 2293 1660 2360 Gottingensis,
1721 2292 1858 2359 Regi
1900 2295 2048 2340 Han-

159 2387 428 2420 noverano
469 2387 494 2415 a
533 2365 776 2415 consiliis
819 2363 1215 2422 oeconomicis,
1258 2363 1544 2413 Ernesti
1581 2366 1848 2426 Meyer,
1903 2371 2045 2410 nunc'

160 2438 500 2491 Professoris
549 2435 998 2502 Regiomcntani,
1073 2444 1125 2482 et
1176 2432 1598 2482 Bernhardii
1645 2431 1848 2492 nostri,
1911 2434 2046 2480 Pro-

161 2511 388 2560 fessor-is
444 2507 812 2563 Erfortensis,
899 2522 964 2553 ex
1030 2504 1222 2569 quibus
1295 2503 1447 2568 plura
1502 2503 1844 2569 certioraque
1903 2502 2050 2550 circa
2098 2532 2100 2534 -

161 2581 397 2648 gramina
449 2576 899 2631 Swartziana,
953 2574 1355 2639 Rudgemxa,
1417 2572 2044 2630 Commersoniana,

163 2647 697 2703 Burmanniana‚
773 2646 1148 2699 Betziana‚
1239 2641 1794 2702 Schreberiana,
1879 2644 2043 2690 Rox-

160 2718 569 2785 burghiana,
648 2713 1135 2772 Rottleriana,
1201 2711 1772 2777 Thunb'ergiana,
1847 2713 2045 2760 Fors-

162 2791 474 2845 holtam,
533 2782 1191 2848 Millilenbergiana,
1264 2781 1703 2830 Nuttalliana
1744 2779 1830 2830 all.
1867 2779 2045 2830 hausi-

161 2878 292 2909 mus,
368 2861 494 2906 (jum
518 2856 781 2903 Paniceae
815 2852 1059 2917 plurimis
1099 2852 1222 2900 dum
1259 2851 1507 2900 laborent
1547 2863 1598 2900 et
1636 2867 2046 2916 synonymorum

163 2943 214 2980 et
254 2926 625 2978 definitionum
665 2922 940 2972 erroribus
964 2958 976 2981 ,
1016 2921 1098 2970 his
1139 2939 1237 2987 pro
1275 2922 1482 2970 viribus
1519 2921 1786 2971 solvendis
1825 2932 2060 2986 operam,

161 3000 431 3049 dedimus.
475 3014 533 3045 ea
573 2995 789 3062 quidem
827 2993 1066 3051 ratione,
1107 3003 1192 3049 ut,
1235 2991 1556 3058 singularum
1585 2992 1889 3057 specierum
1917 3006 2044 3039 con-

159 3070 373 3125 finium,
432 3066 618 3128 (etiam
657 3081 868 3124 earum,
923 3078 1057 3129 quae
1096 3061 1151 3109 in
1187 3061 1414 3110 Brasilia
1450 3080 1558 3110 non
1596 3061 1911 3128 gignuntur)
1952 3060 2043 3117 de-

158 3137 491 3188 finitionibus
531 3136 673 3200 justo
713 3136 832 3183 loco
874 3131 1121 3189 insertis,
1193 3148 1374 3179 earum
1414 3149 1697 3195 synonyma
1737 3141 1790 3178 et
1831 3142 2039 3178 nostras

154 3210 218 3259 ad
257 3208 397 3256 sicca
455 3206 782 3271 plantarum,
859 3218 995 3270 quae
1045 3201 1301 3260 vidimus,
1375 3201 1615 3266 exempla
1667 3199 2039 3248 adnotationes

157 3280 632 3336 sul›nect‡-remus;
673 3290 807 3341 quae
839 3287 1022 3322 omnes
1057 3271 1264 3337 species
1297 3272 1352 3319 in
1390 3271 1492 3320 hoc
1531 3287 1697 3336 opere
1736 3286 1799 3318 ex
1838 3269 2038 3318 omisso

158 3365 412 3405 numero,
483 3346 787 3410 specierum
825 3341 1231 3392 brasilianarum
1281 3341 1478 3390 seriem
1525 3341 1797 3389 indicante
1832 3355 2038 3406 cogno·

157 3430 393 3469 scantur.

292 3490 511 3534 Bonnae
551 3483 612 3531 ad
649 3483 894 3532 Rhenum
935 3447 1175 3533 die‘XX.
1213 3483 1348 3528 Dec,
1390 3497 1434 3530 a.
1473 3479 1911 3531 MDCCCXXVI.

687 3601 712 3625 ‚
1186 3556 1243 3600 C,
1288 3553 1352 3600 G.
1394 3553 1537 3598 Nuus
1577 3551 1639 3597 ab
1680 3553 1994 3598 Esffimssucn.
