2100 3882
160 103 261 153 582

157 247 302 327 Quid
353 249 497 315 quod
549 260 601 299 et
650 250 917 301 interdum
954 252 1083 303 totis
1120 251 1367 304 incendia
1405 253 1603 318 campis

159 335 390 385 Suscitat
425 336 729 403 imprudens
767 339 991 407 aliquiS.
1031 341 1212 405 patulo
1251 356 1345 392 ore
1383 340 1670 397 resorbens

157 425 229 473 Et
265 441 542 475 revomens
577 424 782 485 fumos,
823 426 942 476 duri
981 427 1172 477 solaria
1211 429 1376 478 callis·

290 512 528 572 victilis,
569 524 726 581 atque
766 515 855 564 diu
890 515 1035 566 lento
1071 516 1229 566 tubus
1266 517 1389 584 igne
1426 526 1703 569 recoctus,

123 671 126 674 Ι
158 598 261 652 Vel
298 615 431 648 nuce
456 637 468 660 ‚
507 602 773 665 praeduro
809 603 891 654 vel
931 605 1132 654 cortice
1171 604 1312 656 forte
1349 615 1589 661 cavatus,
1657 648 1662 651 .

162 690 336 753 Tuget
371 688 425 736 in
465 688 722 738 alveolum
762 709 963 742 summo
1002 704 1154 742 tenus
1192 709 1286 741 ore
1323 693 1646 758 repandum,

163 775 271 824 Sed
323 776 413 843 qui
461 778 713 842 paulatim
763 779 982 830 fundum
1039 792 1344 847 angustatur
1396 780 1460 829 ad
1504 780 1684 837 imum.

159 864 442 913 Pertusum
475 868 624 915 tenui
662 868 795 916 rima
828 850 990 931 latus>
1029 867 1469 936 inque'foramen

161 951 365 1001 Fistula
404 955 682 1006 commissa
720 969 801 1006 est
839 958 1166 1023 exemptilis:
1204 955 1417 1022 ignibus
1459 955 1581 1005 illac

164 1039 495 1105 Spiramenta
534 1055 743 1109 patent,
783 1045 1032 1112 fumoque
1073 1045 1168 1094 sub
1206 1062 1298 1094 ora
1332 1043 1529 1092 meanti

162 1128 408 1193 Longum
445 1129 576 1193 iter,
616 1144 673 1180 ut
707 1134 906 1198 spatio,
963 1146 1117 1200 alque
1155 1150 1302 1182 mora
1339 1131 1638 1199 tepefactus
1675 1130 1730 1177 in
1764 1129 1854 1178 illa

163 1216 351 1266 Mitius
392 1219 613 1268 innocua
649 1222 749 1270 tibi
788 1233 995 1287 guttura
1032 1221 1169 1270 nube
1206 1231 1444 1287 vaporet.

167 1308 260 1357 Illa
297 1310 489 1359 viatori
530 1308 716 1368 chara,
759 1320 812 1356 et
853 1311 1085 1374 pretiosa
1127 1309 1363 1376 supellex

165 1400 211 1448 It
248 1415 427 1448 comes
451 1436 462 1458 ‚
508 1410 558 1449 et
595 1398 779 1459 lateri,
816 1397 948 1447 fidus
987 1379 1132 1446 velut
1170 1398 1344 1459 ensi5‚
1382 1396 1649 1445 adhaeret.

166 1487 408 1554 Namque
459 1487 550 1535 ubi
601 1486 770 1535 vicina
807 1485 1112 1552 procumbit
1149 1485 1367 1535 anhelus
1403 1485 1460 1534 in
1499 1486 1712 1542 umbra,

1450 1574 1567 1621 onis

167 1575 239 1623 Et
273 1586 482 1639 reparat
521 1576 690 1636 vires,
732 1587 840 1624 tum
882 1574 1049 1624 fistula
1089 1575 1384 1639 promitur3
1424 1573 1478 1641 it>
1917 1629 1932 1650 Ι

167 1664 480 1711 Excutitur:
521 1664 711 1713 crebro
749 1665 1006 1712 scintillas
1043 1663 1276 1729 fulgurat
1314 1663 1425 1711 ictu

170 1749 316 1799 Dura
357 1750 520 1799 silex:
559 1752 747 1802 infarta
786 1752 914 1802 tubo
954 1752 1081 1801 folia
1120 1753 1265 1801 arida
1300 1748 1505 1799 flamma

173 1840 452 1905 Corripit,
504 1852 556 1889 et
601 1841 791 1908 longos
841 1841 1097 1907 jaculatur
1146 1838 1316 1889 fistula
1368 1838 1561 1887 fumOS.

171 1928 436 1979 Dentibus
475 1930 791 1996 ignivomam
828 1941 974 1978 tenet
1013 1929 1102 1977 ille
1143 1928 1360 1993 supinus
1400 1940 1642 1976 avenam:

147 2022 524 2085 *maternoque
561 2018 702 2068 velut
739 2017 1042 2084 dependens
1077 2016 1241 2066 ubere
1279 2026 1461 2072 natuS,

175 2107 332 2174 Sugit
367 2107 515 2155 hians
554 2106 800 2165 nebulas,
855 2106 1143 2174 bibuloquc
1190 2106 1496 2169 reciprocat
1533 2116 1664 2162 ore;

175 2198 342 2261 Inque
383 2195 524 2243 vices
563 2193 720 2242 modo
761 2193 903 2242 labra
943 2211 1219 2259 premens,
1252 2191 1414 2276 ‘ulo
1455 2206 1637 2255 pressa
1671 2186 1939 2247 relaxansg

179 2281 406 2340 Sorbet,
448 2294 501 2331 et
540 2295 803 2332 exsuctam
842 2283 1018 2331 reddit
1058 2282 1122 2331 de
1161 2293 1381 2348 pectore
1418 2279 1640 2347 nubem,

177 2372 571 2438 Fumantesque
608 2370 797 2438 globos
837 2371 1030 2437 patulis
1070 2387 1098 2419 c
1135 2369 1378 2419 faucibus
1417 2366 1582 2418 efflat.

178 2458 310 2508 Inde
361 2459 452 2508 ubi
501 2459 603 2525 jam
651 2460 821 2509 nullos
874 2461 1042 2526 spirat
1097 2475 1219 2508 cava
1265 2455 1439 2506 fistula
1487 2454 1695 2513 fumos,

180 2546 399 2614 Oraque
439 2547 618 2597 deludi
657 2559 806 2598 suctu
843 2547 1138 2614 praesentit
1174 2545 1353 2603 inani,

183 2636 246 2682 In
283 2646 480 2684 terram
519 2636 760 2696 cineres,
799 2636 1121 2704 tepidosque
1161 2653 1262 2684 una
1301 2633 1502 2685 excutit
1537 2631 1709 2700 igne8‚

185 2722 363 2790 Atque
401 2723 523 2773 abit.
600 2728 808 2774 Interea
844 2726 1086 2792 neglecta
1123 2723 1299 2774 favilla
1335 2720 1558 2771 resumit
1907 2778 1914 2787 ,ι

187 2810 361 2877 Saepe
396 2828 558 2862 novas
595 2813 735 2863 vires
762 2848 776 2873 ,
814 2814 1158 2881 redivivaque
1194 2809 1397 2860 flamma
1436 2806 1764 2875 propinquas
1875 2824 1895 2839 x

189 2898 531 2950 Succendens
569 2902 820 2968 stipulas,
859 2903 989 2951 totis
1029 2901 1268 2967 contagia
1306 2897 1504 2963 campis

189 2986 417 3043 Fundit,
460 3001 513 3040 et
562 2990 759 3057 integri
797 2990 893 3040 tibi
932 3008 1051 3055 spes
1088 2987 1365 3057 intercidit
1401 2984 1540 3035 anni.

193 3076 251 3127 Si
292 3078 462 3143 sapis,
501 3095 628 3144 ergo
667 3080 854 3145 procul
893 3089 1124 3145 praestat
1162 3076 1415 3125 mutarier
1450 3087 1659 3122 arvum:

191 3167 374 3232 Pange
411 3166 491 3214 via
530 3147 748 3214 canneta
787 3167 1009 3232 procul,
1047 3183 1150 3233 qua
1188 3164 1376 3213 semita
1412 3161 1551 3211 nulla

192 3254 432 3314 Flectat,
474 3262 575 3320 qua
610 3254 782 3302 nullus
819 3253 1038 3320 praedas
1077 3263 1194 3318 agat
1232 3250 1353 3299 inde
1391 3250 1591 3308 viator,

195 3344 299 3393 Aut
333 3353 537 3391 temere
574 3359 868 3408 properans
907 3340 1112 3390 subitos
1152 3336 1641 3402 exsuscitet‘ignes.

334 3432 582 3488 Forsitan
619 3431 864 3500 exquiras
899 3426 1207 3480 condendae
1246 3438 1453 3491 tempus
1493 3439 1714 3474 avenae:
