<?xml version="1.0" encoding="UTF-8"?>
<!DOCTYPE html PUBLIC "-//W3C//DTD XHTML 1.0 Transitional//EN"
    "http://www.w3.org/TR/xhtml1/DTD/xhtml1-transitional.dtd">
<html xmlns="http://www.w3.org/1999/xhtml" xml:lang="en" lang="en">
 <head>
  <title>
</title>
<meta http-equiv="Content-Type" content="text/html;charset=utf-8" />
  <meta name='ocr-system' content='tesseract 3.04.00' />
  <meta name='ocr-capabilities' content='ocr_page ocr_carea ocr_par ocr_line ocrx_word'/>
</head>
<body>
  <div class='ocr_page' id='page_1' title='image "./florabrasiliensi02mart_0072.png"; bbox 0 0 2100 3882; ppageno 0'>
   <div class='ocr_carea' id='block_1_1' title="bbox 105 173 1423 230">
    <p class='ocr_par' dir='ltr' id='par_1_1' title="bbox 105 173 1423 230">
     <span class='ocr_line' id='line_1_1' title="bbox 105 173 1423 230; baseline 0 -6"><span class='ocrx_word' id='word_1_1' title='bbox 105 177 173 230; x_wconf 84' lang='lat'><strong>58</strong></span> <span class='ocrx_word' id='word_1_2' title='bbox 677 174 1038 224; x_wconf 62' lang='lat' dir='ltr'><strong>GnAnimnan.</strong></span> <span class='ocrx_word' id='word_1_3' title='bbox 1108 173 1399 225; x_wconf 70' lang='lat' dir='ltr'><strong>PASPALus.</strong></span> <span class='ocrx_word' id='word_1_4' title='bbox 1421 182 1423 184; x_wconf 83' lang='grc'><strong>’</strong></span> 
     </span>
    </p>
   </div>
   <div class='ocr_carea' id='block_1_2' title="bbox 101 304 1978 460">
    <p class='ocr_par' dir='ltr' id='par_1_2' title="bbox 101 304 1978 460">
     <span class='ocr_line' id='line_1_2' title="bbox 102 304 1978 393; baseline 0.001 -20"><span class='ocrx_word' id='word_1_5' title='bbox 102 322 303 374; x_wconf 88' lang='lat' dir='ltr'><strong>coloris</strong></span> <span class='ocrx_word' id='word_1_6' title='bbox 331 321 416 373; x_wconf 83' lang='lat' dir='ltr'><strong>vel</strong></span> <span class='ocrx_word' id='word_1_7' title='bbox 444 320 759 373; x_wconf 76' lang='lat' dir='ltr'><strong>latescentis</strong></span> <span class='ocrx_word' id='word_1_8' title='bbox 791 304 1226 390; x_wconf 48' lang='lat' dir='ltr'><strong>vel-&#39;ferruginei</strong></span> <span class='ocrx_word' id='word_1_9' title='bbox 1297 321 1575 374; x_wconf 86' lang='lat' dir='ltr'><strong>Flosculus</strong></span> <span class='ocrx_word' id='word_1_10' title='bbox 1612 322 1978 393; x_wconf 78' lang='lat' dir='ltr'>magnitudine</span> 
     </span>
     <span class='ocr_line' id='line_1_3' title="bbox 101 391 1427 460; baseline -0.002 -14"><span class='ocrx_word' id='word_1_11' title='bbox 101 406 156 446; x_wconf 83' lang='lat' dir='ltr'><strong>et</strong></span> <span class='ocrx_word' id='word_1_12' title='bbox 185 395 360 443; x_wconf 86' lang='lat' dir='ltr'><strong>forma</strong></span> <span class='ocrx_word' id='word_1_13' title='bbox 392 393 660 460; x_wconf 79' lang='lat' dir='ltr'><strong>spinulae,</strong></span> <span class='ocrx_word' id='word_1_14' title='bbox 701 391 950 455; x_wconf 85' lang='lat' dir='ltr'><strong>obtusus,</strong></span> <span class='ocrx_word' id='word_1_15' title='bbox 990 394 1185 455; x_wconf 79' lang='lat' dir='ltr'><strong>laevis,</strong></span> <span class='ocrx_word' id='word_1_16' title='bbox 1223 392 1427 443; x_wconf 85' lang='lat' dir='ltr'><strong>fuscus.</strong></span> 
     </span>
    </p>
   </div>
   <div class='ocr_carea' id='block_1_3' title="bbox 95 478 1980 1199">
    <p class='ocr_par' dir='ltr' id='par_1_3' title="bbox 96 478 1980 690">
     <span class='ocr_line' id='line_1_4' title="bbox 226 478 1978 550; baseline 0 -20"><span class='ocrx_word' id='word_1_17' title='bbox 226 479 461 546; x_wconf 23' lang='lat' dir='ltr'><strong>,Habitat</strong></span> <span class='ocrx_word' id='word_1_18' title='bbox 490 480 541 528; x_wconf 83' lang='lat' dir='ltr'><strong>in</strong></span> <span class='ocrx_word' id='word_1_19' title='bbox 576 479 778 548; x_wconf 81' lang='lat' dir='ltr'><strong>campis</strong></span> <span class='ocrx_word' id='word_1_20' title='bbox 805 481 1041 530; x_wconf 79' lang='lat' dir='ltr'><strong>amoenis</strong></span> <span class='ocrx_word' id='word_1_21' title='bbox 1072 481 1190 531; x_wconf 78' lang='lat' dir='ltr'><strong>adis</strong></span> <span class='ocrx_word' id='word_1_22' title='bbox 1214 480 1511 549; x_wconf 76' lang='lat' dir='ltr'><strong>spongz&#39;osls</strong></span> <span class='ocrx_word' id='word_1_23' title='bbox 1527 478 1832 550; x_wconf 59' lang='lat' dir='ltr'><strong>palmfferls</strong></span> <span class='ocrx_word' id='word_1_24' title='bbox 1863 499 1978 531; x_wconf 79' lang='lat' dir='ltr'><strong>ver-</strong></span> 
     </span>
     <span class='ocr_line' id='line_1_5' title="bbox 96 547 1980 620; baseline 0 -17"><span class='ocrx_word' id='word_1_25' title='bbox 96 569 191 604; x_wconf 78' lang='lat' dir='ltr'><strong>sus</strong></span> <span class='ocrx_word' id='word_1_26' title='bbox 234 549 396 600; x_wconf 85' lang='lat' dir='ltr'><strong>Serra</strong></span> <span class='ocrx_word' id='word_1_27' title='bbox 445 550 510 599; x_wconf 84' lang='lat' dir='ltr'><strong>de</strong></span> <span class='ocrx_word' id='word_1_28' title='bbox 557 547 705 598; x_wconf 72' lang='lat' dir='ltr'><strong>Parti</strong></span> <span class='ocrx_word' id='word_1_29' title='bbox 744 568 917 620; x_wconf 79' lang='lat' dir='ltr'><strong>prope</strong></span> <span class='ocrx_word' id='word_1_30' title='bbox 963 550 1254 602; x_wconf 82' lang='lat' dir='ltr'><strong>Almez&#39;rim</strong></span> <span class='ocrx_word' id='word_1_31' title='bbox 1302 551 1618 613; x_wconf 81' lang='lat' dir='ltr'><strong>provinciae</strong></span> <span class='ocrx_word' id='word_1_32' title='bbox 1669 551 1980 604; x_wconf 68' lang='lat' dir='ltr'><strong>Parae&#39;nsis.</strong></span> 
     </span>
     <span class='ocr_line' id='line_1_6' title="bbox 96 620 414 690; baseline -0.006 -19"><span class='ocrx_word' id='word_1_33' title='bbox 96 620 298 690; x_wconf 81' lang='lat' dir='ltr'><strong>Aprili.</strong></span> <span class='ocrx_word' id='word_1_34' title='bbox 355 626 414 686; x_wconf 74' lang='grc' dir='ltr'>Θ</span> 
     </span>
    </p>

    <p class='ocr_par' dir='ltr' id='par_1_4' title="bbox 95 709 1978 1199">
     <span class='ocr_line' id='line_1_7' title="bbox 235 709 1972 776; baseline -0.002 -14"><span class='ocrx_word' id='word_1_35' title='bbox 235 711 519 763; x_wconf 80' lang='lat' dir='ltr'><strong>observ.</strong></span> <span class='ocrx_word' id='word_1_36' title='bbox 592 709 884 759; x_wconf 84' lang='lat' dir='ltr'><strong>Auctorum</strong></span> <span class='ocrx_word' id='word_1_37' title='bbox 918 710 1109 759; x_wconf 83' lang='lat' dir='ltr'><strong>verba:</strong></span> <span class='ocrx_word' id='word_1_38' title='bbox 1167 709 1362 771; x_wconf 86' lang='lat' dir='ltr'><strong>„Folia</strong></span> <span class='ocrx_word' id='word_1_39' title='bbox 1392 711 1648 769; x_wconf 70' lang='lat' dir='ltr'><strong>utrinque</strong></span> <span class='ocrx_word' id='word_1_40' title='bbox 1672 710 1972 776; x_wconf 86' lang='lat' dir='ltr'><strong>pubescen-</strong></span> 
     </span>
     <span class='ocr_line' id='line_1_8' title="bbox 95 780 1972 848; baseline -0.002 -17"><span class='ocrx_word' id='word_1_41' title='bbox 95 781 229 840; x_wconf 74' lang='lat' dir='ltr'><strong>tia“,</strong></span> <span class='ocrx_word' id='word_1_42' title='bbox 270 797 404 848; x_wconf 84' lang='lat' dir='ltr'><strong>quae</strong></span> <span class='ocrx_word' id='word_1_43' title='bbox 434 795 573 827; x_wconf 90' lang='lat' dir='ltr'><strong>nunc</strong></span> <span class='ocrx_word' id='word_1_44' title='bbox 602 780 656 827; x_wconf 91' lang='lat' dir='ltr'><strong>in</strong></span> <span class='ocrx_word' id='word_1_45' title='bbox 689 780 1056 847; x_wconf 75' lang='lat' dir='ltr'><strong>descriptione</strong></span> <span class='ocrx_word' id='word_1_46' title='bbox 1087 780 1364 847; x_wconf 86' lang='lat' dir='ltr'><strong>Paspali</strong></span> <span class='ocrx_word' id='word_1_47' title='bbox 1396 781 1691 830; x_wconf 83' lang='lat' dir='ltr'><strong>dissecti</strong></span> <span class='ocrx_word' id='word_1_48' title='bbox 1724 780 1972 847; x_wconf 78' lang='lat' dir='ltr'><strong>legimus,</strong></span> 
     </span>
     <span class='ocr_line' id='line_1_9' title="bbox 97 849 1976 914; baseline -0.002 -14"><span class='ocrx_word' id='word_1_49' title='bbox 97 851 269 902; x_wconf 83' lang='lat' dir='ltr'><strong>serius</strong></span> <span class='ocrx_word' id='word_1_50' title='bbox 310 849 487 899; x_wconf 87' lang='lat' dir='ltr'><strong>addita</strong></span> <span class='ocrx_word' id='word_1_51' title='bbox 522 861 673 908; x_wconf 90' lang='lat' dir='ltr'><strong>sunt,</strong></span> <span class='ocrx_word' id='word_1_52' title='bbox 714 866 813 898; x_wconf 88' lang='lat' dir='ltr'><strong>nec</strong></span> <span class='ocrx_word' id='word_1_53' title='bbox 843 851 896 898; x_wconf 88' lang='lat' dir='ltr'><strong>in</strong></span> <span class='ocrx_word' id='word_1_54' title='bbox 915 850 1140 898; x_wconf 83' lang='lat' dir='ltr'><strong>Linnaei</strong></span> <span class='ocrx_word' id='word_1_55' title='bbox 1173 852 1234 901; x_wconf 90' lang='lat' dir='ltr'><strong>P.</strong></span> <span class='ocrx_word' id='word_1_56' title='bbox 1275 850 1569 899; x_wconf 83' lang='lat' dir='ltr'><strong>dissecti</strong></span> <span class='ocrx_word' id='word_1_57' title='bbox 1606 850 1976 914; x_wconf 83' lang='lat' dir='ltr'><strong>descriptione</strong></span> 
     </span>
     <span class='ocr_line' id='line_1_10' title="bbox 96 919 1977 988; baseline -0.001 -18"><span class='ocrx_word' id='word_1_58' title='bbox 96 921 461 988; x_wconf 82' lang='lat' dir='ltr'><strong>reperiuntur.</strong></span> <span class='ocrx_word' id='word_1_59' title='bbox 535 919 859 985; x_wconf 87' lang='lat' dir='ltr'><strong>Exemplum</strong></span> <span class='ocrx_word' id='word_1_60' title='bbox 906 919 959 967; x_wconf 90' lang='lat' dir='ltr'><strong>in</strong></span> <span class='ocrx_word' id='word_1_61' title='bbox 1000 920 1168 968; x_wconf 87' lang='lat' dir='ltr'><strong>Herb.</strong></span> <span class='ocrx_word' id='word_1_62' title='bbox 1217 919 1610 970; x_wconf 77' lang='lat' dir='ltr'><strong>Schreberiano</strong></span> <span class='ocrx_word' id='word_1_63' title='bbox 1660 920 1977 980; x_wconf 82' lang='lat' dir='ltr'><strong>exhibitum,</strong></span> 
     </span>
     <span class='ocr_line' id='line_1_11' title="bbox 97 989 1978 1056; baseline -0.002 -15"><span class='ocrx_word' id='word_1_64' title='bbox 97 1007 216 1041; x_wconf 84' lang='lat' dir='ltr'><strong>cum</strong></span> <span class='ocrx_word' id='word_1_65' title='bbox 265 993 327 1041; x_wconf 89' lang='lat' dir='ltr'><strong>ab</strong></span> <span class='ocrx_word' id='word_1_66' title='bbox 360 991 480 1056; x_wconf 87' lang='lat' dir='ltr'><strong>ipso</strong></span> <span class='ocrx_word' id='word_1_67' title='bbox 510 989 749 1039; x_wconf 86' lang='lat' dir='ltr'><strong>Linnaeo</strong></span> <span class='ocrx_word' id='word_1_68' title='bbox 784 989 852 1038; x_wconf 78' lang='lat' dir='ltr'><strong>sit</strong></span> <span class='ocrx_word' id='word_1_69' title='bbox 894 990 1098 1050; x_wconf 87' lang='lat' dir='ltr'><strong>datum,</strong></span> <span class='ocrx_word' id='word_1_70' title='bbox 1157 1006 1368 1038; x_wconf 89' lang='lat' dir='ltr'><strong>omnem</strong></span> <span class='ocrx_word' id='word_1_71' title='bbox 1402 991 1598 1039; x_wconf 90' lang='lat' dir='ltr'><strong>nodum</strong></span> <span class='ocrx_word' id='word_1_72' title='bbox 1642 990 1833 1051; x_wconf 81' lang='lat' dir='ltr'><strong>solvit3</strong></span> <span class='ocrx_word' id='word_1_73' title='bbox 1897 1000 1978 1038; x_wconf 89' lang='lat' dir='ltr'><strong>est</strong></span> 
     </span>
     <span class='ocr_line' id='line_1_12' title="bbox 97 1057 1976 1128; baseline -0.001 -18"><span class='ocrx_word' id='word_1_74' title='bbox 97 1062 298 1111; x_wconf 84' lang='lat' dir='ltr'><strong>etenim</strong></span> <span class='ocrx_word' id='word_1_75' title='bbox 333 1060 713 1128; x_wconf 82' lang='lat' dir='ltr'><strong>glaberrimum</strong></span> <span class='ocrx_word' id='word_1_76' title='bbox 746 1059 1054 1127; x_wconf 77' lang='lat' dir='ltr'><strong>nostrisque</strong></span> <span class='ocrx_word' id='word_1_77' title='bbox 1084 1057 1217 1108; x_wconf 81' lang='lat' dir='ltr'><strong>adeo</strong></span> <span class='ocrx_word' id='word_1_78' title='bbox 1252 1059 1459 1119; x_wconf 87' lang='lat' dir='ltr'><strong>simile,</strong></span> <span class='ocrx_word' id='word_1_79' title='bbox 1525 1072 1583 1109; x_wconf 86' lang='lat' dir='ltr'><strong>ut</strong></span> <span class='ocrx_word' id='word_1_80' title='bbox 1616 1060 1721 1108; x_wconf 88' lang='lat' dir='ltr'><strong>nisi</strong></span> <span class='ocrx_word' id='word_1_81' title='bbox 1753 1060 1976 1126; x_wconf 90' lang='lat' dir='ltr'><strong>spiculis</strong></span> 
     </span>
     <span class='ocr_line' id='line_1_13' title="bbox 96 1127 1974 1199; baseline -0.002 -18"><span class='ocrx_word' id='word_1_82' title='bbox 96 1132 255 1199; x_wconf 82' lang='lat' dir='ltr'><strong>paulo</strong></span> <span class='ocrx_word' id='word_1_83' title='bbox 290 1129 579 1197; x_wconf 82' lang='lat' dir='ltr'><strong>majoribus</strong></span> <span class='ocrx_word' id='word_1_84' title='bbox 610 1129 983 1194; x_wconf 87' lang='lat' dir='ltr'><strong>pallidioribus</strong></span> <span class='ocrx_word' id='word_1_85' title='bbox 1011 1137 1136 1192; x_wconf 73' lang='lat' dir='ltr'><strong>(nec</strong></span> <span class='ocrx_word' id='word_1_86' title='bbox 1163 1128 1518 1197; x_wconf 79' lang='lat' dir='ltr'><strong>ferrugineis)</strong></span> <span class='ocrx_word' id='word_1_87' title='bbox 1547 1130 1635 1182; x_wconf 83' lang='lat' dir='ltr'><strong>vix</strong></span> <span class='ocrx_word' id='word_1_88' title='bbox 1660 1127 1974 1197; x_wconf 81' lang='lat' dir='ltr'><strong>distinguas.</strong></span> 
     </span>
    </p>
   </div>
   <div class='ocr_carea' id='block_1_4' title="bbox 92 1229 1976 1423">
    <p class='ocr_par' dir='ltr' id='par_1_5' title="bbox 92 1229 1976 1423">
     <span class='ocr_line' id='line_1_14' title="bbox 235 1229 1976 1299; baseline -0.002 -17"><span class='ocrx_word' id='word_1_89' title='bbox 235 1234 273 1282; x_wconf 72' lang='lat' dir='ltr'>A</span> <span class='ocrx_word' id='word_1_90' title='bbox 294 1233 472 1282; x_wconf 90' lang='lat' dir='ltr'><strong>dnot.</strong></span> <span class='ocrx_word' id='word_1_91' title='bbox 520 1229 776 1279; x_wconf 76' lang='lat' dir='ltr'><strong>Addimus</strong></span> <span class='ocrx_word' id='word_1_92' title='bbox 805 1231 1063 1299; x_wconf 84' lang='lat' dir='ltr'><strong>quaedam</strong></span> <span class='ocrx_word' id='word_1_93' title='bbox 1090 1231 1155 1279; x_wconf 87' lang='lat' dir='ltr'><strong>ad</strong></span> <span class='ocrx_word' id='word_1_94' title='bbox 1185 1229 1588 1296; x_wconf 81' lang='lat' dir='ltr'><strong>distinguendas</strong></span> <span class='ocrx_word' id='word_1_95' title='bbox 1618 1232 1824 1298; x_wconf 87' lang='lat' dir='ltr'><strong>species</strong></span> <span class='ocrx_word' id='word_1_96' title='bbox 1855 1230 1976 1280; x_wconf 77' lang='lat' dir='ltr'><strong>affi-</strong></span> 
     </span>
     <span class='ocr_line' id='line_1_15' title="bbox 93 1300 1972 1369; baseline -0.001 -17"><span class='ocrx_word' id='word_1_97' title='bbox 93 1312 189 1352; x_wconf 85' lang='lat' dir='ltr'><strong>nes</strong></span> <span class='ocrx_word' id='word_1_98' title='bbox 223 1302 589 1367; x_wconf 87' lang='lat' dir='ltr'><strong>Paspalum</strong></span> <span class='ocrx_word' id='word_1_99' title='bbox 624 1301 804 1350; x_wconf 80' lang='lat' dir='ltr'><strong>Rora</strong></span> <span class='ocrx_word' id='word_1_100' title='bbox 857 1311 909 1349; x_wconf 88' lang='lat' dir='ltr'><strong>et</strong></span> <span class='ocrx_word' id='word_1_101' title='bbox 947 1304 1007 1350; x_wconf 89' lang='lat' dir='ltr'><strong>P.</strong></span> <span class='ocrx_word' id='word_1_102' title='bbox 1048 1300 1631 1363; x_wconf 81' lang='lat' dir='ltr'><strong>scrobiculatum,</strong></span> <span class='ocrx_word' id='word_1_103' title='bbox 1677 1322 1704 1352; x_wconf 87' lang='lat' dir='ltr'><strong>a</strong></span> <span class='ocrx_word' id='word_1_104' title='bbox 1744 1301 1972 1369; x_wconf 74' lang='lat' dir='ltr'><strong>Flfiggio</strong></span> 
     </span>
     <span class='ocr_line' id='line_1_16' title="bbox 92 1369 980 1423; baseline -0.003 -1"><span class='ocrx_word' id='word_1_105' title='bbox 92 1389 213 1423; x_wconf 90' lang='lat' dir='ltr'><strong>cum</strong></span> <span class='ocrx_word' id='word_1_106' title='bbox 249 1375 309 1420; x_wconf 92' lang='lat' dir='ltr'><strong>P.</strong></span> <span class='ocrx_word' id='word_1_107' title='bbox 350 1371 659 1420; x_wconf 86' lang='lat' dir='ltr'><strong>dissecto</strong></span> <span class='ocrx_word' id='word_1_108' title='bbox 699 1369 980 1420; x_wconf 85' lang='lat' dir='ltr'><strong>confusas:</strong></span> 
     </span>
    </p>
   </div>
   <div class='ocr_carea' id='block_1_5' title="bbox 85 1457 1973 1809">
    <p class='ocr_par' dir='ltr' id='par_1_6' title="bbox 85 1457 1973 1809">
     <span class='ocr_line' id='line_1_17' title="bbox 230 1457 1968 1526; baseline -0.002 -18"><span class='ocrx_word' id='word_1_109' title='bbox 230 1459 563 1526; x_wconf 81' lang='lat' dir='ltr'><strong>Paspalus</strong></span> <span class='ocrx_word' id='word_1_110' title='bbox 600 1459 776 1509; x_wconf 77' lang='lat' dir='ltr'><strong>Hora</strong></span> <span class='ocrx_word' id='word_1_111' title='bbox 816 1457 1007 1509; x_wconf 85' lang='lat' dir='ltr'><strong>Willd.</strong></span> <span class='ocrx_word' id='word_1_112' title='bbox 1056 1459 1121 1510; x_wconf 91' lang='grc' dir='ltr'><strong>Ρ.</strong></span> <span class='ocrx_word' id='word_1_113' title='bbox 1154 1457 1320 1524; x_wconf 84' lang='lat' dir='ltr'><strong>spicis</strong></span> <span class='ocrx_word' id='word_1_114' title='bbox 1350 1459 1698 1526; x_wconf 77' lang='lat' dir='ltr'><strong>paucioribus</strong></span> <span class='ocrx_word' id='word_1_115' title='bbox 1727 1457 1968 1519; x_wconf 79' lang='lat' dir='ltr'><strong>alternis,</strong></span> 
     </span>
     <span class='ocr_line' id='line_1_18' title="bbox 91 1528 1973 1594; baseline -0.002 -15"><span class='ocrx_word' id='word_1_116' title='bbox 91 1528 365 1579; x_wconf 83' lang='lat' dir='ltr'><strong>defloratis</strong></span> <span class='ocrx_word' id='word_1_117' title='bbox 394 1530 559 1578; x_wconf 85' lang='lat' dir='ltr'><strong>rectis</strong></span> <span class='ocrx_word' id='word_1_118' title='bbox 591 1529 777 1578; x_wconf 84' lang='lat' dir='ltr'><strong>rhachi</strong></span> <span class='ocrx_word' id='word_1_119' title='bbox 807 1529 961 1594; x_wconf 86' lang='lat' dir='ltr'><strong>plana</strong></span> <span class='ocrx_word' id='word_1_120' title='bbox 1001 1528 1323 1594; x_wconf 81' lang='lat' dir='ltr'><strong>spicularum</strong></span> <span class='ocrx_word' id='word_1_121' title='bbox 1356 1530 1813 1580; x_wconf 84' lang='lat' dir='ltr'><strong>subsolitariarum</strong></span> <span class='ocrx_word' id='word_1_122' title='bbox 1859 1529 1973 1577; x_wconf 88' lang='lat' dir='ltr'><strong>lati-</strong></span> 
     </span>
     <span class='ocr_line' id='line_1_19' title="bbox 85 1598 1968 1665; baseline -0.002 -16"><span class='ocrx_word' id='word_1_123' title='bbox 85 1601 301 1659; x_wconf 81' lang='lat' dir='ltr'><strong>tudine,</strong></span> <span class='ocrx_word' id='word_1_124' title='bbox 379 1599 572 1665; x_wconf 78' lang='lat' dir='ltr'><strong>glumis</strong></span> <span class='ocrx_word' id='word_1_125' title='bbox 615 1598 1205 1650; x_wconf 78' lang='lat' dir='ltr'><strong>obovato-orbiculatis</strong></span> <span class='ocrx_word' id='word_1_126' title='bbox 1239 1599 1437 1665; x_wconf 79' lang='lat' dir='ltr'><strong>glabris</strong></span> <span class='ocrx_word' id='word_1_127' title='bbox 1472 1599 1778 1658; x_wconf 87' lang='lat' dir='ltr'><strong>trinerviis,</strong></span> <span class='ocrx_word' id='word_1_128' title='bbox 1846 1615 1968 1646; x_wconf 86' lang='lat' dir='ltr'><strong>ner-</strong></span> 
     </span>
     <span class='ocr_line' id='line_1_20' title="bbox 87 1668 1966 1737; baseline -0.003 -15"><span class='ocrx_word' id='word_1_129' title='bbox 87 1670 170 1722; x_wconf 76' lang='lat' dir='ltr'><strong>vis</strong></span> <span class='ocrx_word' id='word_1_130' title='bbox 199 1669 502 1719; x_wconf 82' lang='lat' dir='ltr'><strong>lateralibus</strong></span> <span class='ocrx_word' id='word_1_131' title='bbox 534 1670 781 1737; x_wconf 77' lang='lat' dir='ltr'><strong>geminiS,</strong></span> <span class='ocrx_word' id='word_1_132' title='bbox 822 1668 998 1718; x_wconf 87' lang='lat' dir='ltr'><strong>culmo</strong></span> <span class='ocrx_word' id='word_1_133' title='bbox 1023 1668 1139 1718; x_wconf 88' lang='lat' dir='ltr'><strong>basi</strong></span> <span class='ocrx_word' id='word_1_134' title='bbox 1165 1681 1391 1735; x_wconf 81' lang='lat' dir='ltr'><strong>repente</strong></span> <span class='ocrx_word' id='word_1_135' title='bbox 1422 1671 1534 1720; x_wconf 82' lang='lat' dir='ltr'><strong>laxe</strong></span> <span class='ocrx_word' id='word_1_136' title='bbox 1569 1686 1779 1719; x_wconf 87' lang='lat' dir='ltr'><strong>ramoso</strong></span> <span class='ocrx_word' id='word_1_137' title='bbox 1815 1668 1966 1718; x_wconf 83' lang='lat' dir='ltr'><strong>foliis</strong></span> 
     </span>
     <span class='ocr_line' id='line_1_21' title="bbox 87 1738 1499 1809; baseline -0.001 -19"><span class='ocrx_word' id='word_1_138' title='bbox 87 1740 404 1809; x_wconf 80' lang='lat' dir='ltr'><strong>vaginisque</strong></span> <span class='ocrx_word' id='word_1_139' title='bbox 435 1740 661 1807; x_wconf 81' lang='lat' dir='ltr'><strong>glabris,</strong></span> <span class='ocrx_word' id='word_1_140' title='bbox 700 1738 863 1806; x_wconf 84' lang='lat' dir='ltr'><strong>ligula</strong></span> <span class='ocrx_word' id='word_1_141' title='bbox 891 1749 1133 1788; x_wconf 84' lang='lat' dir='ltr'><strong>truncata</strong></span> <span class='ocrx_word' id='word_1_142' title='bbox 1163 1738 1499 1790; x_wconf 86' lang='lat' dir='ltr'><strong>brevissima.</strong></span> 
     </span>
    </p>
   </div>
   <div class='ocr_carea' id='block_1_6' title="bbox 225 1835 1964 2050">
    <p class='ocr_par' dir='ltr' id='par_1_7' title="bbox 225 1835 1964 2050">
     <span class='ocr_line' id='line_1_22' title="bbox 225 1835 1963 1907; baseline -0.003 -14"><span class='ocrx_word' id='word_1_143' title='bbox 225 1841 506 1906; x_wconf 82' lang='lat' dir='ltr'><strong>Paspalum</strong></span> <span class='ocrx_word' id='word_1_144' title='bbox 546 1841 707 1899; x_wconf 71' lang='lat' dir='ltr'><strong>hora,</strong></span> <span class='ocrx_word' id='word_1_145' title='bbox 782 1838 975 1889; x_wconf 81' lang='lat' dir='ltr'><strong>Wlld.</strong></span> <span class='ocrx_word' id='word_1_146' title='bbox 1021 1837 1111 1907; x_wconf 80' lang='lat' dir='ltr'><strong>Sp.</strong></span> <span class='ocrx_word' id='word_1_147' title='bbox 1145 1838 1225 1907; x_wconf 80' lang='lat' dir='ltr'><strong>pl.</strong></span> <span class='ocrx_word' id='word_1_148' title='bbox 1263 1838 1309 1888; x_wconf 93' lang='lat' dir='ltr'><strong>I.</strong></span> <span class='ocrx_word' id='word_1_149' title='bbox 1388 1877 1400 1888; x_wconf 89' lang='lat'><strong>.</strong></span> <span class='ocrx_word' id='word_1_150' title='bbox 1439 1840 1559 1891; x_wconf 79' lang='lat'><strong>332.</strong></span> <span class='ocrx_word' id='word_1_151' title='bbox 1612 1835 1758 1904; x_wconf 81' lang='lat' dir='ltr'><strong>(fide</strong></span> <span class='ocrx_word' id='word_1_152' title='bbox 1799 1836 1963 1888; x_wconf 81' lang='lat' dir='ltr'><strong>Herb.</strong></span> 
     </span>
     <span class='ocr_line' id='line_1_23' title="bbox 305 1907 1964 1980; baseline -0.002 -18"><span class='ocrx_word' id='word_1_153' title='bbox 305 1909 497 1962; x_wconf 80' lang='lat' dir='ltr'><strong>Wlld.</strong></span> <span class='ocrx_word' id='word_1_154' title='bbox 546 1919 597 1959; x_wconf 83' lang='lat' dir='ltr'><strong>et·</strong></span> <span class='ocrx_word' id='word_1_155' title='bbox 634 1907 877 1976; x_wconf 77' lang='lat' dir='ltr'><strong>Schreb.)</strong></span> <span class='ocrx_word' id='word_1_156' title='bbox 941 1928 1038 1959; x_wconf 80' lang='lat' dir='ltr'><strong>nec</strong></span> <span class='ocrx_word' id='word_1_157' title='bbox 1080 1908 1282 1959; x_wconf 83' lang='lat' dir='ltr'><strong>Enum.</strong></span> <span class='ocrx_word' id='word_1_158' title='bbox 1379 1929 1479 1960; x_wconf 81' lang='lat' dir='ltr'><strong>ers.</strong></span> <span class='ocrx_word' id='word_1_159' title='bbox 1517 1909 1657 1979; x_wconf 73' lang='lat' dir='ltr'><strong>Syn.</strong></span> <span class='ocrx_word' id='word_1_160' title='bbox 1697 1908 1744 1959; x_wconf 87' lang='lat' dir='ltr'><strong>I.</strong></span> <span class='ocrx_word' id='word_1_161' title='bbox 1777 1929 1835 1980; x_wconf 85' lang='lat' dir='ltr'><strong>p.</strong></span> <span class='ocrx_word' id='word_1_162' title='bbox 1878 1910 1964 1960; x_wconf 89' lang='grc'><strong>86.</strong></span> 
     </span>
     <span class='ocr_line' id='line_1_24' title="bbox 294 1977 1743 2050; baseline -0.001 -19"><span class='ocrx_word' id='word_1_163' title='bbox 294 1980 476 2031; x_wconf 74' lang='lat' dir='ltr'><strong>Roxb.</strong></span> <span class='ocrx_word' id='word_1_164' title='bbox 512 1978 595 2031; x_wconf 86' lang='lat' dir='ltr'><strong>Fl.</strong></span> <span class='ocrx_word' id='word_1_165' title='bbox 626 1979 747 2029; x_wconf 79' lang='lat' dir='ltr'><strong>Ind.</strong></span> <span class='ocrx_word' id='word_1_166' title='bbox 780 1999 859 2029; x_wconf 85' lang='lat' dir='ltr'><strong>or.</strong></span> <span class='ocrx_word' id='word_1_167' title='bbox 891 1980 971 2030; x_wconf 81' lang='lat' dir='ltr'><strong>ed.</strong></span> <span class='ocrx_word' id='word_1_168' title='bbox 1005 1977 1127 2029; x_wconf 85' lang='lat' dir='ltr'><strong>Car.</strong></span> <span class='ocrx_word' id='word_1_169' title='bbox 1167 1989 1216 2029; x_wconf 81' lang='lat' dir='ltr'><strong>et</strong></span> <span class='ocrx_word' id='word_1_170' title='bbox 1254 1977 1427 2032; x_wconf 83' lang='lat' dir='ltr'><strong>VVall.</strong></span> <span class='ocrx_word' id='word_1_171' title='bbox 1460 1978 1509 2032; x_wconf 89' lang='lat' dir='ltr'><strong>I.</strong></span> <span class='ocrx_word' id='word_1_172' title='bbox 1532 2001 1590 2050; x_wconf 84' lang='lat' dir='ltr'><strong>p.</strong></span> <span class='ocrx_word' id='word_1_173' title='bbox 1621 1982 1743 2031; x_wconf 80' lang='lat'><strong>282.</strong></span> 
     </span>
    </p>
   </div>
   <div class='ocr_carea' id='block_1_7' title="bbox 224 2065 1964 2224">
    <p class='ocr_par' dir='ltr' id='par_1_8' title="bbox 224 2065 1964 2224">
     <span class='ocr_line' id='line_1_25' title="bbox 226 2065 1373 2137; baseline -0.001 -17"><span class='ocrx_word' id='word_1_174' title='bbox 226 2070 291 2120; x_wconf 86' lang='lat' dir='ltr'><strong>P.</strong></span> <span class='ocrx_word' id='word_1_175' title='bbox 322 2069 636 2130; x_wconf 87' lang='lat' dir='ltr'><strong>distichum,</strong></span> <span class='ocrx_word' id='word_1_176' title='bbox 675 2066 918 2137; x_wconf 75' lang='lat' dir='ltr'><strong>Hoenig,</strong></span> <span class='ocrx_word' id='word_1_177' title='bbox 959 2065 1175 2119; x_wconf 75' lang='lat' dir='ltr'><strong>Schreb.</strong></span> <span class='ocrx_word' id='word_1_178' title='bbox 1207 2066 1373 2119; x_wconf 78' lang='lat' dir='ltr'><strong>Herb.</strong></span> 
     </span>
     <span class='ocr_line' id='line_1_26' title="bbox 224 2154 1964 2224; baseline -0.001 -14"><span class='ocrx_word' id='word_1_179' title='bbox 224 2161 289 2210; x_wconf 87' lang='lat' dir='ltr'><strong>P.</strong></span> <span class='ocrx_word' id='word_1_180' title='bbox 319 2159 641 2219; x_wconf 87' lang='lat' dir='ltr'><strong>dissectum,</strong></span> <span class='ocrx_word' id='word_1_181' title='bbox 691 2154 959 2208; x_wconf 83' lang='lat' dir='ltr'><strong>Staunton</strong></span> <span class='ocrx_word' id='word_1_182' title='bbox 1003 2176 1074 2209; x_wconf 76' lang='lat' dir='ltr'><strong>ex</strong></span> <span class='ocrx_word' id='word_1_183' title='bbox 1113 2156 1291 2208; x_wconf 81' lang='lat' dir='ltr'><strong>insula</strong></span> <span class='ocrx_word' id='word_1_184' title='bbox 1332 2155 1386 2208; x_wconf 87' lang='lat' dir='ltr'><strong>S.</strong></span> <span class='ocrx_word' id='word_1_185' title='bbox 1421 2155 1694 2224; x_wconf 79' lang='lat' dir='ltr'><strong>Helenae,</strong></span> <span class='ocrx_word' id='word_1_186' title='bbox 1745 2155 1964 2208; x_wconf 76' lang='lat' dir='ltr'><strong>Sclzreb.</strong></span> 
     </span>
    </p>
   </div>
   <div class='ocr_carea' id='block_1_8' title="bbox 299 2226 466 2277">
    <p class='ocr_par' dir='ltr' id='par_1_9' title="bbox 299 2226 466 2277">
     <span class='ocr_line' id='line_1_27' title="bbox 299 2226 466 2277; baseline 0 0"><span class='ocrx_word' id='word_1_187' title='bbox 299 2226 466 2277; x_wconf 80' lang='lat' dir='ltr'><strong>Herb.</strong></span> 
     </span>
    </p>
   </div>
   <div class='ocr_carea' id='block_1_9' title="bbox 222 2312 1966 2454">
    <p class='ocr_par' dir='ltr' id='par_1_10' title="bbox 222 2312 1966 2454">
     <span class='ocr_line' id='line_1_28' title="bbox 222 2312 1966 2380; baseline -0.004 -10"><span class='ocrx_word' id='word_1_188' title='bbox 222 2318 287 2370; x_wconf 90' lang='lat' dir='ltr'><strong>P.</strong></span> <span class='ocrx_word' id='word_1_189' title='bbox 317 2316 646 2380; x_wconf 82' lang='lat' dir='ltr'><strong>orbiculare,</strong></span> <span class='ocrx_word' id='word_1_190' title='bbox 686 2313 865 2366; x_wconf 80' lang='lat' dir='ltr'><strong>Forst.</strong></span> <span class='ocrx_word' id='word_1_191' title='bbox 894 2313 1090 2365; x_wconf 83' lang='lat' dir='ltr'><strong>Prodr.</strong></span> <span class='ocrx_word' id='word_1_192' title='bbox 1122 2336 1176 2366; x_wconf 85' lang='grc' dir='ltr'><strong>η.</strong></span> <span class='ocrx_word' id='word_1_193' title='bbox 1209 2315 1294 2367; x_wconf 86' lang='grc'><strong>35.</strong></span> <span class='ocrx_word' id='word_1_194' title='bbox 1341 2313 1535 2365; x_wconf 81' lang='lat' dir='ltr'><strong>Wlld.</strong></span> <span class='ocrx_word' id='word_1_195' title='bbox 1567 2313 1769 2364; x_wconf 79' lang='lat' dir='ltr'><strong>Emzm.</strong></span> <span class='ocrx_word' id='word_1_196' title='bbox 1806 2312 1966 2364; x_wconf 81' lang='lat' dir='ltr'><strong>Hort.</strong></span> 
     </span>
     <span class='ocr_line' id='line_1_29' title="bbox 292 2383 1962 2454; baseline -0.001 -18"><span class='ocrx_word' id='word_1_197' title='bbox 292 2385 482 2436; x_wconf 80' lang='lat' dir='ltr'><strong>Berol.</strong></span> <span class='ocrx_word' id='word_1_198' title='bbox 517 2385 565 2436; x_wconf 92' lang='lat' dir='ltr'><strong>I.</strong></span> <span class='ocrx_word' id='word_1_199' title='bbox 592 2406 649 2454; x_wconf 81' lang='lat' dir='ltr'><strong>p.</strong></span> <span class='ocrx_word' id='word_1_200' title='bbox 675 2389 759 2454; x_wconf 75' lang='grc'><strong>89.</strong></span> <span class='ocrx_word' id='word_1_201' title='bbox 799 2385 869 2436; x_wconf 83' lang='lat' dir='ltr'><strong>R.</strong></span> <span class='ocrx_word' id='word_1_202' title='bbox 894 2384 1126 2436; x_wconf 79' lang='lat' dir='ltr'><strong>Brown.</strong></span> <span class='ocrx_word' id='word_1_203' title='bbox 1157 2383 1352 2435; x_wconf 81' lang='lat' dir='ltr'><strong>Prodr.</strong></span> <span class='ocrx_word' id='word_1_204' title='bbox 1380 2383 1472 2436; x_wconf 87' lang='lat' dir='ltr'><strong>Fl.</strong></span> <span class='ocrx_word' id='word_1_205' title='bbox 1499 2385 1569 2435; x_wconf 88' lang='grc' dir='ltr'><strong>Ν.</strong></span> <span class='ocrx_word' id='word_1_206' title='bbox 1596 2383 1667 2435; x_wconf 88' lang='lat' dir='ltr'><strong>H.</strong></span> <span class='ocrx_word' id='word_1_207' title='bbox 1693 2384 1739 2436; x_wconf 88' lang='lat' dir='ltr'><strong>I.</strong></span> <span class='ocrx_word' id='word_1_208' title='bbox 1768 2405 1824 2453; x_wconf 88' lang='grc' dir='ltr'><strong>ρ.</strong></span> <span class='ocrx_word' id='word_1_209' title='bbox 1852 2387 1962 2436; x_wconf 89' lang='grc' dir='ltr'><strong>ι88.</strong></span> 
     </span>
    </p>
   </div>
   <div class='ocr_carea' id='block_1_10' title="bbox 222 2470 1965 2751">
    <p class='ocr_par' dir='ltr' id='par_1_11' title="bbox 222 2470 1965 2751">
     <span class='ocr_line' id='line_1_30' title="bbox 222 2470 1965 2542; baseline -0.002 -16"><span class='ocrx_word' id='word_1_210' title='bbox 222 2476 478 2542; x_wconf 79' lang='lat' dir='ltr'><strong>Paspalus</strong></span> <span class='ocrx_word' id='word_1_211' title='bbox 522 2476 909 2526; x_wconf 86' lang='lat' dir='ltr'><strong>scrobiculatus</strong></span> <span class='ocrx_word' id='word_1_212' title='bbox 973 2474 1099 2524; x_wconf 80' lang='lat' dir='ltr'><strong>Var.</strong></span> <span class='ocrx_word' id='word_1_213' title='bbox 1142 2493 1191 2528; x_wconf 73' lang='grc' dir='ltr'><strong>γ.</strong></span> <span class='ocrx_word' id='word_1_214' title='bbox 1229 2470 1272 2524; x_wconf 67' lang='grc' dir='ltr'><strong>Σ.</strong></span> <span class='ocrx_word' id='word_1_215' title='bbox 1330 2472 1548 2542; x_wconf 68' lang='lat' dir='ltr'><strong>Fliigge</strong></span> <span class='ocrx_word' id='word_1_216' title='bbox 1589 2472 1751 2524; x_wconf 84' lang='lat' dir='ltr'><strong>Mon.</strong></span> <span class='ocrx_word' id='word_1_217' title='bbox 1791 2493 1848 2541; x_wconf 80' lang='lat' dir='ltr'><strong>p.</strong></span> <span class='ocrx_word' id='word_1_218' title='bbox 1879 2476 1965 2524; x_wconf 87' lang='grc'><strong>88.</strong></span> 
     </span>
     <span class='ocr_line' id='line_1_31' title="bbox 225 2538 1959 2612; baseline 0.001 -19"><span class='ocrx_word' id='word_1_219' title='bbox 225 2571 232 2577; x_wconf 88' lang='grc'><em>·</em></span> <span class='ocrx_word' id='word_1_220' title='bbox 293 2545 456 2608; x_wconf 73' lang='lat' dir='ltr'><strong>(excl.</strong></span> <span class='ocrx_word' id='word_1_221' title='bbox 495 2563 692 2612; x_wconf 55' lang='lat' dir='ltr'><strong>synon.</strong></span> <span class='ocrx_word' id='word_1_222' title='bbox 714 2543 900 2611; x_wconf 68' lang='lat' dir='ltr'><strong>Plzzk.)</strong></span> <span class='ocrx_word' id='word_1_223' title='bbox 928 2538 1003 2594; x_wconf 71' lang='grc' dir='ltr'><strong>Ἠ.</strong></span> <span class='ocrx_word' id='word_1_224' title='bbox 1036 2553 1086 2594; x_wconf 85' lang='lat' dir='ltr'><strong>et</strong></span> <span class='ocrx_word' id='word_1_225' title='bbox 1113 2541 1234 2594; x_wconf 79' lang='lat' dir='ltr'><strong>Sch.</strong></span> <span class='ocrx_word' id='word_1_226' title='bbox 1261 2541 1316 2594; x_wconf 85' lang='lat' dir='ltr'><strong>S.</strong></span> <span class='ocrx_word' id='word_1_227' title='bbox 1345 2544 1402 2594; x_wconf 93' lang='lat' dir='ltr'><strong>V.</strong></span> <span class='ocrx_word' id='word_1_228' title='bbox 1424 2543 1499 2593; x_wconf 89' lang='lat' dir='ltr'><strong>ll.</strong></span> <span class='ocrx_word' id='word_1_229' title='bbox 1521 2563 1579 2612; x_wconf 84' lang='lat' dir='ltr'><strong>p.</strong></span> <span class='ocrx_word' id='word_1_230' title='bbox 1613 2544 1712 2609; x_wconf 72' lang='lat'><strong>206</strong></span> <span class='ocrx_word' id='word_1_231' title='bbox 1740 2552 1788 2593; x_wconf 81' lang='lat' dir='ltr'><strong>el</strong></span> <span class='ocrx_word' id='word_1_232' title='bbox 1819 2546 1959 2609; x_wconf 66' lang='lat'><strong>878„</strong></span> 
     </span>
     <span class='ocr_line' id='line_1_32' title="bbox 293 2611 1960 2682; baseline -0.001 -19"><span class='ocrx_word' id='word_1_233' title='bbox 293 2613 485 2663; x_wconf 70' lang='lat' dir='ltr'><strong>slslant.</strong></span> <span class='ocrx_word' id='word_1_234' title='bbox 525 2613 603 2664; x_wconf 83' lang='lat' dir='ltr'><strong>II.</strong></span> <span class='ocrx_word' id='word_1_235' title='bbox 637 2634 693 2682; x_wconf 85' lang='grc' dir='ltr'><strong>ρ.</strong></span> <span class='ocrx_word' id='word_1_236' title='bbox 744 2616 854 2674; x_wconf 69' lang='grc'><strong>168.</strong></span> <span class='ocrx_word' id='word_1_237' title='bbox 924 2613 1085 2678; x_wconf 71' lang='lat' dir='ltr'><strong>(excl.</strong></span> <span class='ocrx_word' id='word_1_238' title='bbox 1133 2632 1273 2681; x_wconf 78' lang='lat' dir='ltr'><strong>quae</strong></span> <span class='ocrx_word' id='word_1_239' title='bbox 1313 2613 1476 2662; x_wconf 76' lang='lat' dir='ltr'><strong>dubia</strong></span> <span class='ocrx_word' id='word_1_240' title='bbox 1522 2611 1849 2682; x_wconf 62' lang='lat' dir='ltr'><strong>aeffernntar</strong></span> <span class='ocrx_word' id='word_1_241' title='bbox 1894 2614 1960 2662; x_wconf 85' lang='lat' dir='ltr'><strong>de</strong></span> 
     </span>
     <span class='ocr_line' id='line_1_33' title="bbox 291 2681 1955 2751; baseline 0.001 -20"><span class='ocrx_word' id='word_1_242' title='bbox 291 2702 486 2751; x_wconf 69' lang='lat' dir='ltr'><strong>synon.</strong></span> <span class='ocrx_word' id='word_1_243' title='bbox 522 2682 917 2746; x_wconf 74' lang='lat' dir='ltr'><strong>Forskoliatzo.)</strong></span> <span class='ocrx_word' id='word_1_244' title='bbox 968 2681 1092 2733; x_wconf 80' lang='lat' dir='ltr'><strong>Pal.</strong></span> <span class='ocrx_word' id='word_1_245' title='bbox 1125 2684 1190 2733; x_wconf 85' lang='lat' dir='ltr'><strong>de</strong></span> <span class='ocrx_word' id='word_1_246' title='bbox 1218 2681 1430 2733; x_wconf 79' lang='lat' dir='ltr'><strong>Beauv.</strong></span> <span class='ocrx_word' id='word_1_247' title='bbox 1465 2681 1552 2733; x_wconf 84' lang='lat' dir='ltr'><strong>Fl.</strong></span> <span class='ocrx_word' id='word_1_248' title='bbox 1582 2683 1629 2732; x_wconf 74' lang='lat' dir='ltr'><strong>d’</strong></span> <span class='ocrx_word' id='word_1_249' title='bbox 1649 2682 1768 2732; x_wconf 78' lang='lat' dir='ltr'><strong>Oto.</strong></span> <span class='ocrx_word' id='word_1_250' title='bbox 1800 2691 1838 2732; x_wconf 87' lang='lat' dir='ltr'><strong>t.</strong></span> <span class='ocrx_word' id='word_1_251' title='bbox 1871 2684 1955 2734; x_wconf 88' lang='grc'><strong>86.</strong></span> 
     </span>
    </p>
   </div>
   <div class='ocr_carea' id='block_1_11' title="bbox 277 2753 428 2823">
    <p class='ocr_par' dir='ltr' id='par_1_12' title="bbox 277 2753 428 2823">
     <span class='ocr_line' id='line_1_34' title="bbox 277 2753 428 2823; baseline 0.007 -21"><span class='ocrx_word' id='word_1_252' title='bbox 277 2753 338 2823; x_wconf 79' lang='lat' dir='ltr'><strong>s.</strong></span> <span class='ocrx_word' id='word_1_253' title='bbox 385 2773 428 2803; x_wconf 78' lang='grc' dir='ltr'><strong>ι.</strong></span> 
     </span>
    </p>
   </div>
   <div class='ocr_carea' id='block_1_12' title="bbox 225 2837 1962 2892">
    <p class='ocr_par' dir='ltr' id='par_1_13' title="bbox 225 2837 1962 2892">
     <span class='ocr_line' id='line_1_35' title="bbox 225 2837 1962 2892; baseline -0.001 -1"><span class='ocrx_word' id='word_1_254' title='bbox 225 2839 453 2891; x_wconf 80' lang='lat' dir='ltr'><strong>Habitat</strong></span> <span class='ocrx_word' id='word_1_255' title='bbox 487 2842 543 2892; x_wconf 84' lang='lat' dir='ltr'><strong>in</strong></span> <span class='ocrx_word' id='word_1_256' title='bbox 570 2839 732 2891; x_wconf 76' lang='lat' dir='ltr'><strong>India</strong></span> <span class='ocrx_word' id='word_1_257' title='bbox 773 2838 1025 2891; x_wconf 79' lang='lat' dir='ltr'><strong>orientali</strong></span> <span class='ocrx_word' id='word_1_258' title='bbox 1057 2849 1107 2890; x_wconf 81' lang='lat' dir='ltr'><strong>et</strong></span> <span class='ocrx_word' id='word_1_259' title='bbox 1137 2839 1190 2890; x_wconf 82' lang='lat' dir='ltr'><strong>in</strong></span> <span class='ocrx_word' id='word_1_260' title='bbox 1226 2838 1415 2890; x_wconf 78' lang='lat' dir='ltr'><strong>insulis</strong></span> <span class='ocrx_word' id='word_1_261' title='bbox 1446 2837 1710 2892; x_wconf 78' lang='lat' dir='ltr'><strong>Franciae</strong></span> <span class='ocrx_word' id='word_1_262' title='bbox 1742 2849 1790 2891; x_wconf 84' lang='lat' dir='ltr'><strong>et</strong></span> <span class='ocrx_word' id='word_1_263' title='bbox 1822 2838 1962 2891; x_wconf 85' lang='lat' dir='ltr'><strong>Bor-</strong></span> 
     </span>
    </p>
   </div>
   <div class='ocr_carea' id='block_1_13' title="bbox 87 2908 1406 2982">
    <p class='ocr_par' dir='ltr' id='par_1_14' title="bbox 87 2908 1406 2982">
     <span class='ocr_line' id='line_1_36' title="bbox 87 2908 1406 2982; baseline -0.002 -19"><span class='ocrx_word' id='word_1_264' title='bbox 87 2909 280 2963; x_wconf 74' lang='lat' dir='ltr'><strong>bonz&#39;ae</strong></span> <span class='ocrx_word' id='word_1_265' title='bbox 307 2909 557 2982; x_wconf 78' lang='lat' dir='ltr'><strong>Africae.</strong></span> <span class='ocrx_word' id='word_1_266' title='bbox 620 2912 677 2962; x_wconf 91' lang='lat' dir='ltr'><strong>V.</strong></span> <span class='ocrx_word' id='word_1_267' title='bbox 705 2912 758 2962; x_wconf 85' lang='lat' dir='ltr'><strong>in</strong></span> <span class='ocrx_word' id='word_1_268' title='bbox 788 2910 953 2979; x_wconf 72' lang='lat' dir='ltr'><strong>Herb.</strong></span> <span class='ocrx_word' id='word_1_269' title='bbox 991 2909 1082 2962; x_wconf 86' lang='lat' dir='ltr'><strong>W.</strong></span> <span class='ocrx_word' id='word_1_270' title='bbox 1112 2920 1164 2960; x_wconf 83' lang='lat' dir='ltr'><strong>et</strong></span> <span class='ocrx_word' id='word_1_271' title='bbox 1190 2908 1406 2961; x_wconf 75' lang='lat' dir='ltr'><strong>Schreb.</strong></span> 
     </span>
    </p>
   </div>
   <div class='ocr_carea' id='block_1_14' title="bbox 84 3017 1960 3523">
    <p class='ocr_par' dir='ltr' id='par_1_15' title="bbox 84 3017 1960 3421">
     <span class='ocr_line' id='line_1_37' title="bbox 224 3017 1960 3086; baseline -0.002 -14"><span class='ocrx_word' id='word_1_272' title='bbox 224 3019 502 3072; x_wconf 83' lang='lat' dir='ltr'><strong>Observ.</strong></span> <span class='ocrx_word' id='word_1_273' title='bbox 585 3019 794 3070; x_wconf 78' lang='lat' dir='ltr'><strong>Differt</strong></span> <span class='ocrx_word' id='word_1_274' title='bbox 839 3019 1156 3085; x_wconf 84' lang='lat' dir='ltr'><strong>praesertim</strong></span> <span class='ocrx_word' id='word_1_275' title='bbox 1213 3036 1240 3067; x_wconf 88' lang='lat' dir='ltr'><strong>a</strong></span> <span class='ocrx_word' id='word_1_276' title='bbox 1292 3018 1588 3086; x_wconf 84' lang='lat' dir='ltr'><strong>Paspalo</strong></span> <span class='ocrx_word' id='word_1_277' title='bbox 1649 3017 1960 3070; x_wconf 87' lang='lat' dir='ltr'><strong>dissecto</strong></span> 
     </span>
     <span class='ocr_line' id='line_1_38' title="bbox 87 3089 1956 3156; baseline -0.001 -16"><span class='ocrx_word' id='word_1_278' title='bbox 87 3090 263 3140; x_wconf 86' lang='lat' dir='ltr'><strong>culmo</strong></span> <span class='ocrx_word' id='word_1_279' title='bbox 299 3090 589 3149; x_wconf 86' lang='lat' dir='ltr'><strong>validiore,</strong></span> <span class='ocrx_word' id='word_1_280' title='bbox 655 3091 1027 3156; x_wconf 83' lang='lat' dir='ltr'><strong>irregulariter</strong></span> <span class='ocrx_word' id='word_1_281' title='bbox 1076 3090 1391 3156; x_wconf 87' lang='lat' dir='ltr'><strong>parciusque</strong></span> <span class='ocrx_word' id='word_1_282' title='bbox 1437 3091 1492 3137; x_wconf 90' lang='lat' dir='ltr'><strong>in</strong></span> <span class='ocrx_word' id='word_1_283' title='bbox 1544 3107 1719 3138; x_wconf 88' lang='lat' dir='ltr'><strong>ramos</strong></span> <span class='ocrx_word' id='word_1_284' title='bbox 1766 3089 1956 3149; x_wconf 86' lang='lat' dir='ltr'><strong>diviso,</strong></span> 
     </span>
     <span class='ocr_line' id='line_1_39' title="bbox 84 3158 1957 3227; baseline -0.003 -15"><span class='ocrx_word' id='word_1_285' title='bbox 84 3160 292 3227; x_wconf 80' lang='lat' dir='ltr'><strong>vaginis</strong></span> <span class='ocrx_word' id='word_1_286' title='bbox 332 3160 484 3225; x_wconf 86' lang='lat' dir='ltr'><strong>apice</strong></span> <span class='ocrx_word' id='word_1_287' title='bbox 512 3179 619 3210; x_wconf 90' lang='lat' dir='ltr'><strong>non</strong></span> <span class='ocrx_word' id='word_1_288' title='bbox 648 3159 1094 3220; x_wconf 87' lang='lat' dir='ltr'><strong>membranaceis,</strong></span> <span class='ocrx_word' id='word_1_289' title='bbox 1155 3158 1315 3225; x_wconf 81' lang='lat' dir='ltr'><strong>ligula</strong></span> <span class='ocrx_word' id='word_1_290' title='bbox 1349 3159 1663 3211; x_wconf 82' lang='lat' dir='ltr'><strong>brevissima</strong></span> <span class='ocrx_word' id='word_1_291' title='bbox 1692 3170 1957 3209; x_wconf 75' lang='lat' dir='ltr'><strong>transver-</strong></span> 
     </span>
     <span class='ocr_line' id='line_1_40' title="bbox 89 3229 1959 3296; baseline -0.002 -17"><span class='ocrx_word' id='word_1_292' title='bbox 89 3231 276 3279; x_wconf 80' lang='lat' dir='ltr'><strong>saliter</strong></span> <span class='ocrx_word' id='word_1_293' title='bbox 305 3229 528 3289; x_wconf 88' lang='lat' dir='ltr'><strong>lineari,</strong></span> <span class='ocrx_word' id='word_1_294' title='bbox 579 3230 728 3280; x_wconf 82' lang='lat' dir='ltr'><strong>foliis</strong></span> <span class='ocrx_word' id='word_1_295' title='bbox 770 3229 1099 3296; x_wconf 78' lang='lat' dir='ltr'><strong>longioribus</strong></span> <span class='ocrx_word' id='word_1_296' title='bbox 1139 3240 1192 3277; x_wconf 86' lang='lat' dir='ltr'><strong>et</strong></span> <span class='ocrx_word' id='word_1_297' title='bbox 1227 3229 1435 3278; x_wconf 76' lang='lat' dir='ltr'><strong>ratione</strong></span> <span class='ocrx_word' id='word_1_298' title='bbox 1480 3229 1830 3294; x_wconf 82' lang='lat' dir='ltr'><strong>longitudinis</strong></span> <span class='ocrx_word' id='word_1_299' title='bbox 1869 3247 1959 3276; x_wconf 88' lang='lat' dir='ltr'><strong>an-</strong></span> 
     </span>
     <span class='ocr_line' id='line_1_41' title="bbox 89 3298 1956 3368; baseline -0.002 -19"><span class='ocrx_word' id='word_1_300' title='bbox 89 3298 451 3368; x_wconf 83' lang='lat' dir='ltr'><strong>gustioribus,</strong></span> <span class='ocrx_word' id='word_1_301' title='bbox 505 3300 723 3365; x_wconf 90' lang='lat' dir='ltr'><strong>spiculis</strong></span> <span class='ocrx_word' id='word_1_302' title='bbox 753 3301 993 3366; x_wconf 84' lang='lat' dir='ltr'><strong>pallidis,</strong></span> <span class='ocrx_word' id='word_1_303' title='bbox 1049 3314 1151 3347; x_wconf 85' lang='lat' dir='ltr'><strong>nec</strong></span> <span class='ocrx_word' id='word_1_304' title='bbox 1180 3298 1633 3359; x_wconf 63' lang='lat' dir='ltr'><strong>sulvescentihus,</strong></span> <span class='ocrx_word' id='word_1_305' title='bbox 1685 3298 1740 3346; x_wconf 88' lang='lat' dir='ltr'><strong>in</strong></span> <span class='ocrx_word' id='word_1_306' title='bbox 1773 3298 1956 3349; x_wconf 87' lang='lat' dir='ltr'><strong>rhachi</strong></span> 
     </span>
     <span class='ocr_line' id='line_1_42' title="bbox 86 3368 1549 3421; baseline -0.003 -1"><span class='ocrx_word' id='word_1_307' title='bbox 86 3368 406 3420; x_wconf 80' lang='lat' dir='ltr'><strong>rectiuscula</strong></span> <span class='ocrx_word' id='word_1_308' title='bbox 436 3368 682 3420; x_wconf 85' lang='lat' dir='ltr'><strong>distichis</strong></span> <span class='ocrx_word' id='word_1_309' title='bbox 713 3370 797 3421; x_wconf 88' lang='lat' dir='ltr'><strong>vel</strong></span> <span class='ocrx_word' id='word_1_310' title='bbox 825 3369 1085 3419; x_wconf 87' lang='lat' dir='ltr'><strong>tristichis</strong></span> <span class='ocrx_word' id='word_1_311' title='bbox 1117 3379 1169 3417; x_wconf 87' lang='lat' dir='ltr'><strong>et</strong></span> <span class='ocrx_word' id='word_1_312' title='bbox 1200 3369 1549 3418; x_wconf 81' lang='lat' dir='ltr'><strong>tetrastichiS.</strong></span> 
     </span>
    </p>

    <p class='ocr_par' dir='ltr' id='par_1_16' title="bbox 220 3455 1959 3523">
     <span class='ocr_line' id='line_1_43' title="bbox 220 3455 1959 3523; baseline -0.003 -16"><span class='ocrx_word' id='word_1_313' title='bbox 220 3456 546 3523; x_wconf 87' lang='lat' dir='ltr'><strong>Paspalus</strong></span> <span class='ocrx_word' id='word_1_314' title='bbox 585 3457 1087 3509; x_wconf 88' lang='lat' dir='ltr'><strong>scrobiculatus</strong></span> <span class='ocrx_word' id='word_1_315' title='bbox 1125 3456 1276 3504; x_wconf 68' lang='lat' dir='ltr'><strong>Lim:</strong></span> <span class='ocrx_word' id='word_1_316' title='bbox 1314 3456 1478 3522; x_wconf 85' lang='lat' dir='ltr'><strong>spicis</strong></span> <span class='ocrx_word' id='word_1_317' title='bbox 1506 3455 1771 3504; x_wconf 84' lang='lat' dir='ltr'><strong>subternis</strong></span> <span class='ocrx_word' id='word_1_318' title='bbox 1801 3455 1959 3504; x_wconf 84' lang='lat' dir='ltr'><strong>alter-</strong></span> 
     </span>
    </p>
   </div>
   <div class='ocr_carea' id='block_1_15' title="bbox 89 3523 2012 3664">
    <p class='ocr_par' dir='ltr' id='par_1_17' title="bbox 89 3523 2012 3664">
     <span class='ocr_line' id='line_1_44' title="bbox 89 3523 2012 3594; baseline -0.001 -18"><span class='ocrx_word' id='word_1_319' title='bbox 89 3527 204 3589; x_wconf 82' lang='lat' dir='ltr'><strong>nis,</strong></span> <span class='ocrx_word' id='word_1_320' title='bbox 256 3525 533 3577; x_wconf 86' lang='lat' dir='ltr'><strong>defloratis</strong></span> <span class='ocrx_word' id='word_1_321' title='bbox 563 3529 759 3588; x_wconf 87' lang='lat' dir='ltr'><strong>rectis,</strong></span> <span class='ocrx_word' id='word_1_322' title='bbox 806 3528 992 3577; x_wconf 83' lang='lat' dir='ltr'><strong>rhachi</strong></span> <span class='ocrx_word' id='word_1_323' title='bbox 1025 3527 1176 3594; x_wconf 85' lang='lat' dir='ltr'><strong>plana</strong></span> <span class='ocrx_word' id='word_1_324' title='bbox 1203 3527 1422 3592; x_wconf 85' lang='lat' dir='ltr'><strong>spiculis</strong></span> <span class='ocrx_word' id='word_1_325' title='bbox 1451 3525 1703 3575; x_wconf 87' lang='lat' dir='ltr'><strong>solitariis</strong></span> <span class='ocrx_word' id='word_1_326' title='bbox 1735 3523 1957 3574; x_wconf 89' lang='lat' dir='ltr'><strong>dimidio</strong></span> <span class='ocrx_word' id='word_1_327' title='bbox 2005 3540 2012 3542; x_wconf 63' lang='grc'><strong><em>’</em></strong></span> 
     </span>
     <span class='ocr_line' id='line_1_45' title="bbox 89 3595 1956 3664; baseline 0 -20"><span class='ocrx_word' id='word_1_328' title='bbox 89 3596 314 3657; x_wconf 79' lang='lat' dir='ltr'><strong>latiore,</strong></span> <span class='ocrx_word' id='word_1_329' title='bbox 375 3596 564 3663; x_wconf 84' lang='lat' dir='ltr'><strong>glumis</strong></span> <span class='ocrx_word' id='word_1_330' title='bbox 607 3597 919 3649; x_wconf 81' lang='lat' dir='ltr'><strong>orbiculatis</strong></span> <span class='ocrx_word' id='word_1_331' title='bbox 957 3596 1158 3664; x_wconf 56' lang='lat' dir='ltr'><strong>‘glabris</strong></span> <span class='ocrx_word' id='word_1_332' title='bbox 1207 3595 1649 3664; x_wconf 78' lang='lat' dir='ltr'><strong>septemnerviis,</strong></span> <span class='ocrx_word' id='word_1_333' title='bbox 1711 3595 1956 3663; x_wconf 83' lang='lat' dir='ltr'><strong>planiore</strong></span> 
     </span>
    </p>
   </div>
  </div>
 </body>
</html>
