2100 3882
74 250 219 325 Quae
254 267 428 308 mora,
467 264 647 296 mense
683 257 847 313 quoto
884 246 1007 296 falci
1046 247 1333 296 maturuit?
1388 246 1524 296 Illud

72 338 234 394 Usus,
273 347 325 386 et
362 336 477 402 ipsa
513 335 638 383 satis
677 333 831 382 docet
868 333 1196 400 experientia
1227 326 1439 383 'rerumz

69 423 200 470 Nam
233 440 406 491 neque
432 421 698 491 ,Brasiliae
737 423 973 482 (tantum
1010 421 1192 486 patet)
1230 439 1360 470 unus
1399 421 1596 489 ubique

68 510 222 560 Veris
260 511 392 568 erit,
430 510 712 559 brumaeve
750 518 929 556 tenorz
968 507 1096 574 quin
1133 508 1340 573 dispare
1378 510 1529 559 coelo

66 596 282 645 Aestuat
316 596 435 657 hic,
473 595 597 644 alibi
635 593 859 642 brumali
896 592 1100 659 frigore
1135 607 1331 661 torpet.

64 684 278 733 Frustra
315 684 419 733 erit
454 683 545 731 ille
583 682 743 737 Iahon
770 692 975 746 tempus
1015 683 1384 747 praescribere
1424 692 1627 732 eertum

64 770 355 836 Agricolis‚
393 770 623 820 variante
661 769 807 818 solo:
840 781 1020 833 ¹tamen
1057 770 1214 816 ardua
1254 769 1422 835 siquis

62 859 220 906 Forte
272 857 547 906 Bahiensis
595 855 892 923 proscindis
944 855 1170 904 culmina
1218 857 1439 914 montis,

64 944 284 1010 Suspice
321 944 620 1008 Phryxaeae
657 944 878 1011 pecudis
914 959 1033 992 cum
1070 942 1266 993 vellera
1304 942 1553 992 Phoebus

65 1032 357 1088 Presserit‚
410 1033 632 1098 incipiet
683 1049 871 1081 cannas
922 1031 1021 1080 tibi
1071 1042 1274 1094 tempus
1329 1029 1594 1080 humandi.

66 1121 206 1186 Urge
245 1136 407 1185 opus,
462 1120 680 1168 Ebalios
715 1119 963 1169 Phoebus
1001 1117 1170 1186 quoad
1209 1118 1324 1184 ipse
1360 1117 1614 1183 gemellos

58 1208 251 1256 lnvisat
288 1205 494 1255 fratres.
565 1208 767 1255 Humili
806 1208 887 1256 sin
923 1208 1059 1257 valle
1097 1205 1338 1264 laboras,

58 1293 197 1343 Idem
237 1294 382 1360 signa
418 1294 595 1354 dabit,
647 1295 870 1361 geminis
909 1311 1026 1343 cum
1065 1294 1300 1343 lancibus
1337 1292 1495 1340 horas

52 1382 351 1431 Ponderat:
403 1382 657 1440 absistes,
719 1383 891 1447 Capro
947 1399 1065 1431 cum
1113 1382 1384 1448 proximus
1440 1377 1553 1427 ibit.

52 1472 234 1519 Annua
271 1469 548 1519 crescendi
584 1469 749 1519 fuerit
785 1487 928 1519 mora
965 1469 1131 1534 justa,
1172 1484 1429 1535 suumque

49 1560 231 1629 Robur
264 1558 454 1614 habet,
497 1558 724 1622 spatium
759 1558 861 1607 hoc
901 1557 990 1606 ubi
1027 1557 1227 1606 arundo
1265 1553 1557 1621 peregerit.
1631 1555 1694 1600 At
1731 1566 1786 1601 tu

51 1649 219 1695 Parce
255 1657 464 1704 tamen,
503 1645 775 1712 falcesque
814 1644 1024 1705 inhibe,
1065 1660 1164 1694 nec
1202 1656 1442 1711 tempora
1479 1641 1665 1689 meSSIs

49 1733 378 1799 Praecipita,
419 1750 728 1800 quamquam
767 1733 1023 1781 instantes
1061 1748 1277 1781 vereare
1315 1730 1586 1788 calendas,

46 1822 219 1889 Atque
258 1821 320 1869 ad
356 1819 651 1869 condictam
690 1819 1004 1868 numeranda
1043 1821 1262 1886 pecunia
1297 1820 1470 1867 lucem

48 1912 268 1976 Urgeat:
308 1918 360 1956 et
395 1908 627 1975 quamvis
660 1909 710 1956 in
748 1907 830 1973 jus
867 1909 1100 1974 rapiare,
1138 1907 1344 1956 vadanti

44 1997 143 2046 Vel
185 1995 412 2061 prudens
451 1995 662 2043 innecte
701 2013 900 2045 moram
940 2009 992 2045 et
1030 1995 1324 2044 vadimonia
1361 1989 1552 2051 differ,

41 2075 140 2133 V¹e1
177 2084 314 2132 bene
351 2094 644 2132 nummatos
682 2100 780 2149 pro
817 2095 871 2133 te
909 2083 1219 2134 submittere
1255 2084 1510 2152 praedes,

48 2172 261 2249 Quique
298 2168 400 2218 fide
435 2169 675 2255 iubeant,
715 2187 900 2220 cures:
939 2171 1022 2221 vel
1059 2173 1271 2222 sedulus
1307 2190 1458 2232 aera,

43 2264 338 2324 Ut5110tes‚
377 2258 571 2307 extrica
594 2295 605 2317 ‚
646 2274 1005 2325 conrasosque
1041 2262 1271 2328 undique
1309 2274 1548 2308 nummos

39 2351 143 2397 Fac
178 2363 415 2413 promas,
469 2363 599 2412 quos
646 2345 838 2395 deinde
876 2365 970 2396 suo
1009 2365 1127 2396 cum
1163 2348 1387 2397 foenore
1424 2345 1612 2396 reddas
1635 2378 1647 2402 ‚

36 2436 116 2483 Ne
154 2433 428 2482 festinanti
466 2444 697 2501 segetem
734 2437 1080 2501 ‘corrumpere
1116 2436 1264 2486 ferro
1434 2478 1448 2498 s

32 2521 283 2588 Cogai·i5‚
318 2521 630 2589 jugulesque
669 2522 790 2571 novi
827 2522 962 2571 male
1000 2524 1252 2589 providus
1288 2523 1431 2572 anni.

36 2611 193 2674 Spem
232 2619 447 2658 temere.
522 2609 684 2658 Senio
724 2609 980 2660 dulcescit
1015 2628 1210 2670 canna,
1249 2612 1487 2677 priorem

34 2700 318 2761 Postquam
356 2713 566 2744 emensa
603 2696 703 2745 alio
741 2697 896 2763 plene
933 2701 1183 2748 maturuit
1221 2716 1371 2747 anno.

167 2783 291 2835 Vidi
328 2783 575 2850 equidem
611 2784 664 2831 in
704 2800 890 2834 cannas
928 2786 1074 2836 nullo
1111 2786 1419 2836 discrimine
1456 2782 1658 2832 ferrum

31 2870 328 2937 Distringi‚
369 2881 523 2938 atque
561 2889 663 2920 uno
700 2871 862 2921 veluti
900 2873 1159 2923 cecidisse
1196 2873 1288 2920 sub
1326 2873 1432 2921 ictu

29 2960 290 3024 [ntegrum
330 2975 542 3016 nemus,
582 2961 819 3026 integros
855 2960 1163 3026 popularier
1199 2978 1382 3027 agros,

31 3048 137 3094 Seu
185 3062 337 3111 seges
388 3046 588 3111 impubi
640 3046 723 3094 vix
774 3047 894 3095 dum
930 3048 1299 3112 juvenesceret
1336 3063 1492 3105 aevo,

31 3136 136 3183 Seu
170 3145 293 3181 natu
326 3133 525 3198 major,
566 3135 830 3203 multaque
867 3137 1079 3186 incurva
1117 3145 1364 3196 senecta,

26 3220 294 3269 Saevitum
328 3237 391 3269 ex
437 3238 605 3287 aequo
657 3234 766 3281 est,
818 3223 1054 3291 nullique
1103 3205 1375 3291 per-percit
1423 3237 1574 3270 avara

27 3310 273 3356 Dextera.
344 3306 670 3356 Lethiferam
706 3311 872 3375 qualis
909 3312 1192 3360 temeraria
1227 3309 1418 3358 falcem

25 3398 170 3445 Mors
207 3393 410 3456 vibrat,
450 3405 501 3444 et
538 3412 696 3448 caeco
732 3398 882 3448 metit
918 3398 1073 3449 obvia
1110 3414 1348 3467 quaeque
1388 3403 1557 3445 rotatu

1822 107 1923 157 583
