2100 3882
572 109 918 162 Gnnimnnz.
990 110 1388 161 Gnmoz-mux.
1813 118 1917 171 277

663 254 793 298 x111.
855 254 1276 301 GYMNo'rHfflx
1286 287 1296 298 .

253 362 425 415 Palis.
480 364 549 414 de
589 361 798 414 Beauv.
853 363 913 412 A
951 372 1078 412 rost.
1128 385 1187 430 ρ.
1245 371 1332 434 59.
1382 367 1490 416 tab.
1547 365 1806 437 Xlll.s.
1857 369 1908 422 6.

250 432 451 484 Hamb.
474 443 526 484 et
552 429 760 483 Runth.
787 430 856 481 N.
942 470 954 481 .
977 441 1027 481 et
1055 430 1146 500 Sp.
1171 433 1214 483 l.
1240 454 1294 501 ρ.
1334 456 1349 485 ι
1368 453 1442 485 12.
1478 435 1682 487 Hunth.
1704 441 1836 506 Syn.
1861 438 1908 489 I.

245 522 305 571 p.
339 506 447 624 1256.
482 502 552 555 R.
576 511 627 552 et
655 500 775 552 Sclz.
812 504 865 553 S.
908 506 1027 565 Veg.
1049 501 1126 550 II.
1153 521 1210 569 J).
1241 512 1319 559 28-
1363 502 1513 556 Trin.
1542 508 1682 572 Agr.
1704 526 1761 576 ρ.
1793 526 1905 575 ι7ο.

252 592 306 623 n.
346 593 363 622 l
444 609 457 623 α

209 662 425 720 Char.
480 673 765 719 essent.
864 659 1246 718 Involucrum
1294 681 1326 716 e
1385 663 1529 721 setis
1573 665 1910 746 inaequali-

47 742 161 799 bus
209 743 439 800 scabris
484 740 861 821 simplicibus
916 741 1163 819 cingens
1223 741 1517 819 spiculam
1560 767 1742 804 unam
1776 745 1902 825 (vel

39 819 277 903 plures)
311 838 654 901 angustam,
700 837 759 879 et
799 843 913 878 una
959 844 1095 880 cum
1125 822 1335 880 eadem
1370 824 1707 883 deciduum.
1793 829 1906 886 Cass

42 905 144 983 lyx
169 903 449 981 biglumis
487 902 824 982 inaequalis
837 943 854 971 ,
898 902 1193 972 hiflorus,
1242 918 1480 975 acutus,
1536 907 1710 986 apice
1752 908 1906 970 inte-

41 1006 166 1065 ger.
250 984 564 1042 Flosculus
604 983 857 1040 inferior
898 999 1110 1041 neuter
1148 984 1469 1054 univalvis,
1527 1008 1664 1044 cum
1712 989 1904 1061 altero

42 1065 537 1144 hermaphrodito
587 1064 1062 1135 subherbaceus,
1107 1080 1478 1135 attenuatus,
1534 1069 1707 1148 apice
1749 1071 1905 1129 inte-

44 1168 175 1225 gre.
259 1146 592 1204 Lodiculae
646 1145 1168 1215 membranaceae,
1240 1146 1566 1217 obovatae,
1640 1149 1904 1209 obtusis-

38 1226 229 1286 simae
265 1226 359 1284 vel
404 1227 823 1304 emarginatae.
923 1227 1247 1306 Caryopsis
1301 1227 1570 1286 flosculo
1619 1229 1903 1290 indurato

42 1322 223 1367 tecta.
311 1308 470 1387 Styli
517 1309 668 1376 du0,
711 1329 999 1366 mucrone
1042 1308 1327 1388 germinis
1371 1310 1702 1390 conjuncti.

0 1426 3 1479 ξ
199 1405 694 1465 Inflorescentia:
743 1406 928 1485 Spica
966 1429 1083 1464 una
1129 1405 1221 1464 vel
1274 1407 1478 1487 plures
1526 1410 1897 1481 terminales,

0 1486 378 1566 ‘simpliceffi
455 1489 696 1546 densae.
802 1488 1117 1546 Involucra
1164 1489 1560 1548 flavescentia
1612 1492 1704 1551 vel
1758 1515 1900 1573 pur-

32 1590 240 1650 purea.

178 1666 470 1716 Observ.
544 1666 848 1714 Proximum
886 1665 988 1714 hoc
1040 1683 1202 1731 genus
1246 1666 1451 1715 accedit
1486 1668 1899 1734 Penniseto,

42 1735 134 1785 sed
170 1735 385 1794 differt,
420 1746 633 1801 praeter
667 1734 929 1784 involucri
967 1747 1103 1784 setas
1143 1736 1445 1801 neutiquam
1487 1737 1599 1787 basi
1640 1741 1904 1804 plumosas

38 1817 93 1854 et
134 1806 478 1854 lodicularum
536 1816 734 1854 textum
797 1821 1150 1864 communem,
1220 1806 1533 1871 pracsertim
1591 1809 1905 1874 spicularum

39 1874 208 1923 forma
250 1885 302 1923 et
334 1886 515 1922 natura
542 1875 707 1941 magis
739 1873 997 1923 herbacea
1020 1911 1031 1932 ,
1084 1874 1226 1941 quod
1256 1875 1297 1922 si
1332 1876 1671 1925 Pennisetum
1710 1881 1902 1930 Panica

37 1944 244 1992 referre
280 1954 333 1991 et
357 1945 605 2009 Paspalos
635 1944 688 1991 in
714 1962 875 2009 parva
908 1943 1005 1992 hac
1042 1944 1479 1993 involucratarum
1508 1946 1650 1995 tribu
1675 1967 1901 2016 perpen-

34 2013 214 2073 deris,
272 2013 683 2079 Gymnotriches
720 2024 903 2063 contra
941 2030 1058 2063 cum
1094 2014 1495 2080 Hymenachnes
1533 2019 1746 2082 generis
1785 2037 1901 2087 spe-

34 2083 216 2132 ciebus
253 2083 597 2150 comparabis.

172 2170 393 2238 Species
419 2169 733 2220 brasilianae
769 2168 920 2219 duae.

430 2310 469 2350 1.
517 2312 1011 2351 GYMNOTHRxx
1051 2314 1409 2351 NERVOSA.
1457 2309 1488 2360 †

172 2417 237 2465 G.
277 2416 420 2482 spica
467 2415 729 2474 solitaria,
781 2414 1057 2463 involucro
1094 2415 1346 2479 spiculam
1389 2433 1670 2484 superante
1710 2425 1893 2474 subae-

33 2486 207 2552 quali,
247 2487 416 2551 gluma
454 2485 701 2534 inferiori
737 2483 1012 2550 superiore
1042 2483 1201 2550 duplo
1239 2486 1505 2547 breviori,
1560 2492 1657 2540 hac
1702 2491 1892 2543 floscu-

33 2556 139 2603 lum
164 2565 406 2603 neutrum
435 2566 689 2620 aequante
726 2553 1078 2619 septemnervi
1102 2589 1115 2613 ‚
1171 2554 1316 2604 foliis
1346 2557 1569 2607 lineari·
1587 2561 1890 2612 lanceolatis

31 2625 339 2691 vaginisque
370 2624 634 2672 hiantibus
675 2623 888 2690 glabris.

166 2711 592 2777 Culmus·pedem
632 2713 690 2775 1}
719 2712 877 2769 altus,
938 2711 1118 2759 calami
1150 2713 1422 2777 scriptorii
1453 2714 1711 2762 tenuioris
1752 2731 1894 2762 cras-

33 2780 179 2839 sitie,
221 2793 458 2840 erectus,
497 2781 560 2829 ad
594 2780 834 2847 genicula
863 2798 1046 2846 parum
1089 2780 1370 2841 infractus,
1412 2784 1892 2848 tereti-compres-

30 2849 304 2908 siusculus,
342 2850 464 2899 hinc
500 2850 836 2909 unisulcatus‚
878 2849 1106 2910 striatas,
1146 2851 1356 2916 glaber,
1396 2852 1643 2919 simplex,
1676 2853 1887 2917 quadri-

30 2918 183 2966 nodis
206 2955 219 2978 ‚
250 2919 314 2968 ad
351 2919 547 2986 spicam
582 2936 747 2984 usque
782 2919 1068 2984 vaginatus.
1141 2921 1374 2986 Vaginae
1420 2921 1735 2971 internodiis
1772 2923 1889 2971 lon-

35 2987 243 3052 giores,
293 2989 451 3046 latae,
518 3005 880 3056 compressae,
936 2988 1172 3046 hiantes,
1227 2991 1473 3050 striatae,
1526 2991 1762 3057 glabrae,
1823 2992 1889 3040 ad

31 3057 313 3122 marginem
341 3057 796 3115 membranaceae,
851 3057 1045 3115 nudae,
1096 3059 1246 3124 apice
1295 3070 1594 3118 truncatae,
1647 3059 1889 3124 junctura

27 3124 145 3172 folii
177 3137 440 3176 contracta
472 3126 619 3175 fusca
645 3127 843 3193 glabra.
915 3126 1100 3192 Ligula
1126 3127 1468 3188 brevissima,
1507 3141 1770 3186 truncata,
1811 3121 1884 3178 ci-

30 3193 398 3243 liato-lacera.
482 3196 631 3243 Folia
686 3197 843 3259 6-7
894 3196 1115 3261 pollices
1172 3197 1353 3264 longa,
1434 3198 1501 3264 3}
1553 3198 1717 3247 lineas
1763 3199 1881 3257 lata,

28 3264 208 3328 plana,
249 3263 457 3322 stricta,
498 3264 716 3314 lineari·
738 3265 1051 3322 lanceolata,
1090 3264 1204 3314 basi
1235 3285 1415 3333 parum
1438 3304 1450 3325 ,
1501 3267 1651 3333 apice
1686 3268 1880 3333 longis-

28 3331 159 3380 sime
183 3342 474 3392 attenuata‚
523 3334 728 3400 glabra,
781 3351 936 3398 supra
969 3344 1023 3382 et
1061 3335 1293 3401 margine
1347 3336 1697 3396 scaberrima,
1750 3338 1884 3384 laete

26 3400 247 3449 viridia:
317 3417 612 3466 supremum
657 3402 986 3468 subaequale.
1078 3403 1232 3471 Spica
1291 3406 1523 3455 solitaria
1572 3404 1878 3461 terminalis,

27 3467 139 3522 basi
166 3469 351 3539 vagina
371 3470 661 3540 superioris
686 3471 803 3527 folii
827 3471 1089 3537 involuta,
1129 3474 1444 3545 cyfifflrica,
1483 3475 1729 3543 utrinque
1751 3490 1882 3524 non-
