2100 3882
2085 0 2100 55 ἒ

209 148 312 199 5⁴72
381 145 733 196 Gnfflmmu.
802 144 1162 194 Ossa-avano
1207 155 1519 193 euoromm
1569 159 1639 192 m·
1688 157 2053 209 oeconomica.

353 293 558 371 Quodsi
589 290 1012 348 consideramus,
1052 291 1207 339 etiam
1236 286 1591 350 Lusitaniam,
1633 291 1884 351 Galliam,
1921 293 2062 357 Ang-

204 364 362 421 liam,
399 361 735 412 Hollandiam
765 372 817 408 et
854 358 1105 426 quosdam
1137 361 1270 408 alios
1307 361 1621 409 Germaniae
1664 371 1870 426 portu5‚
1926 377 2060 426 quos

205 433 345 484 haud
379 430 788 486 nominavimus,
828 446 855 477 e
892 429 1116 476 Braeilia
1150 430 1305 477 missa
1346 430 1589 494 recipere
1630 426 1898 484 sacchara,
1952 445 2060 476 ma-

206 503 461 553 nifestum
499 499 600 547 erit
628 499 850 565 cuique,
894 498 1194 545 saccharum
1229 499 1371 546 inter
1410 499 1724 563 praecipuos
1758 497 2059 563 opulentiae

212 573 392 622 fontes
422 569 572 634 hujus
610 566 821 633 imperii
861 578 977 614 csse
1016 567 1406 616 numerandum.
1481 568 1537 615 Si
1572 577 1848 631 praeterea
1884 578 2061 615 mente

209 640 480 698 revolvas,
523 654 672 705 quam
707 637 894 701 ingens
926 637 1299 684 commercium
1329 637 1426 693 sit,
1480 636 1618 702 quod
1654 634 1914 686 variorum
1950 634 2061 684 fru-

208 719 504 759 mentorum
558 705 828 770 emptione
885 705 1297 772 venditioneque
1341 707 1639 770 peragitur,
1674 703 1923 752 'fatearis
1946 709 2058 752 'ne-

210 795 362 830 cesse
416 788 522 834 est,
582 774 868 841 graminum
921 773 1188 835 ordinem,
1254 772 1563 838 ignobilium
1615 772 1786 841 quoad
1827 773 2061 838 speciem

205 849 497 913 plantarum
535 844 798 901 feracem,
846 844 1173 909 reliquorum
1216 853 1386 890 tamen
1430 843 1728 910 principem
1769 857 1912 902 esse,
1964 842 2059 910 qui

202 918 474 967 humanam
502 914 807 961 industriam
846 925 897 959 et
925 924 1166 960 exerceat
1196 921 1246 959 et
1280 922 1518 960 coronet.

344 988 423 1034 Ne
444 1001 565 1032 vero
584 981 903 1039 saccharum,
944 982 1093 1048 quasi
1122 980 1311 1037 omnia,
1351 997 1483 1046 quae
1511 980 1562 1028 in
1582 979 1956 1030 commercium
1983 979 2060 1028 af-

204 1056 315 1106 fert.
343 1054 689 1104 emolumenta
714 1050 1164 1108 exhausissemus,
1208 1048 1365 1097 nimis
1394 1049 1500 1097 cito
1538 1049 1923 1117 relinquamus,
1962 1050 2052 1099 ob·

210 1123 520 1177 servandum
537 1133 810 1189 praeterea
835 1132 927 1171 (3:21,
960 1119 1105 1175 illud,
1137 1120 1255 1166 dum
1276 1131 1547 1184 coquatur,
1577 1120 1736 1166 etiam
1759 1119 1908 1167 aliam
1925 1127 2055 1179 rem,

209 1211 344 1264 quae
381 1212 485 1241 non
523 1191 684 1241 laevis
709 1204 786 1239 est
823 1190 993 1253 pretii,
1033 1189 1234 1254 largiri.
1295 1188 1380 1235 Fit
1413 1188 1552 1234 enim
1584 1187 1759 1254 liquor
1784 1188 1969 1237 ardens
1990 1204 2056 1236 ex

208 1258 458 1315 saccharo
481 1280 580 1311 non
617 1261 668 1308 in
691 1259 961 1322 crystallos
990 1257 1212 1306 formato
1239 1254 1553 1318 (sisela-550),
1596 1273 1712 1305 cum
1738 1275 1868 1326 aqua
1885 1258 2048 1306 mixto

202 1346 360 1404 atque
412 1331 695 1380 destillato.
771 1329 993 1381 Dicunt,
1049 1328 1135 1394 qui
1168 1327 1268 1374 hoc
1300 1326 1568 1391 negotium
1601 1337 1787 1391 agunt,
1839 1344 1955 1376 sese
1991 1344 2055 1375 ex

206 1422 301 1455 loo
331 1402 520 1451 formis
551 1397 873 1466 argillaccis,
915 1413 1042 1461 quas
1090 1396 1306 1445 circiter
1350 1401 1482 1460 qboo
1521 1396 1754 1444 sacchari
1796 1396 1945 1445 crudi
1988 1396 2052 1443 li·

202 1473 317 1523 bris
369 1473 604 1536 replent,
672 1468 877 1515 ustione
931 1469 1222 1529 boo—700
1275 1465 1503 1530 anglicas
1567 1482 1866 1525 mensuras,
1926 1483 2053 1532 quas

204 1540 460 1592 Gallones
492 1541 704 1595 dicunt,
743 1533 957 1601 spiritus
991 1535 1222 1583 ardentis
1258 1533 1444 1600 (Agocc
1484 1533 1704 1581 ardente
1738 1533 1800 1580 de
1841 1532 2052 1597 Canna)

203 1612 464 1663 obtinere.
541 1608 812 1656 Adduntur
853 1605 903 1651 in
939 1604 1084 1651 hunc
1123 1601 1279 1651 finem
1316 1603 1562 1652 saccharo
1601 1603 1744 1652 dicto
1779 1602 1844 1667 3}
1882 1615 2054 1669 partes

201 1698 393 1749 aquae3
459 1678 737 1744 exponitur
782 1675 882 1722 hoc
939 1674 1153 1722 mixtam
1202 1672 1634 1729 fermentationi,
1683 1672 2055 1721 fermentatum

201 1751 393 1801 deinde
426 1748 717 1800 destiliatur
762 1761 825 1793 eo
872 1742 1062 1799 modo,
1119 1760 1222 1808 quo
1260 1743 1311 1789 in
1354 1744 1566 1807 Europa
1603 1743 1903 1808 peragitur,
1955 1759 2055 1809 qua

199 1831 424 1889 propter
464 1818 622 1865 etiam
665 1831 771 1862 non
803 1828 1000 1877 paucae
1036 1811 1268 1860 fabricae
1312 1828 1431 1859 vasa
1459 1811 1583 1859 huic
1632 1812 1751 1860 usui
1798 1811 2055 1861 servitura

201 1907 268 1940 ex
291 1893 500 1954 Europa
532 1897 713 1951 petere
738 1882 1013 1946 incipiunt.
1091 1880 1522 1946 Vulgatissimum
1574 1880 1787 1945 spiritus
1827 1880 1930 1928 usti
1966 1898 2055 1947 ge·

200 1978 332 2016 nus,
370 1960 422 2007 in
457 1955 679 2004 Brasilia
718 1949 980 1999 Caclzassa
1022 1948 1247 2009 dictum,
1286 1948 1344 1997 fit
1381 1966 1409 1997 e
1440 1967 1618 2014 spuma
1657 1949 1802 1997 succi
1832 1949 1925 1998 sub
1967 1966 2056 1998 co-

203 2030 381 2080 ctione
416 2037 591 2090 parta‚
642 2032 696 2071 et
740 2038 804 2069 ex
842 2019 1146 2068 sedimentis
1196 2019 1251 2066 in
1293 2019 1430 2067 vasis
1471 2018 1686 2066 ustoriis
1719 2017 1886 2067 adhuc
1921 2019 2055 2066 resi-

202 2098 321 2148 duis
352 2094 594 2146 collectis
628 2089 1030 2155 destillatisque.
1115 2089 1284 2137 Gustu
1320 2100 1401 2136 est
1434 2087 1707 2154 odoreque
1745 2087 1923 2154 gravi,
1974 2105 2054 2137 sa..

202 2166 357 2217 nitati
392 2166 638 2213 adversus
662 2197 674 2220 ‚
738 2169 1058 2226 quapropter
1105 2157 1262 2205 etiam
1301 2156 1580 2223 mancipiis
1620 2157 1826 2222 nigris,
1878 2174 2053 2224 quam-

205 2240 358 2305 quam
387 2233 536 2282 avido
566 2231 712 2278 illum
742 2228 950 2285 bibant,
1002 2243 1107 2274 non
1145 2225 1250 2274 nisi
1289 2225 1500 2290 parvula
1537 2226 1828 2292 quantitate
1873 2226 2050 2291 porri-

201 2307 445 2374 gendum.
500 2304 776 2351 Caeterum
802 2295 1152 2345 Brasilienses
1176 2296 1231 2342 in
1262 2305 1372 2344 arte
1405 2294 1704 2344 destillandi
1737 2314 1763 2344 a
1785 2295 2050 2344 Lusitanis

199 2377 515 2428 vincuntur,
570 2383 857 2435 magnaque
893 2365 1012 2414 ideo
1046 2363 1337 2412 adhucdum
1368 2365 1586 2429 spiritus
1628 2363 1857 2414 ardentis
1897 2364 2052 2431 copia

201 2461 233 2495 e
267 2441 534 2494 Lusitania
564 2455 698 2506 eque
726 2434 913 2485 insulis
945 2434 1190 2483 Azoricis
1218 2444 1271 2483 et
1301 2433 1535 2482 Madcira
1566 2434 1893 2499 importatur.

337 2512 510 2563 Etiam
556 2506 838 2556 virtutibus
890 2503 1145 2562 medicis,
1200 2519 1333 2570 quae
1375 2502 1623 2551 saccharo
1661 2504 1870 2560 insunt,
1920 2518 2051 2551 non-

199 2583 334 2636 nihil
375 2578 752 2629 inhaerendum
788 2586 881 2624 est.
969 2573 1174 2622 Gaudet
1217 2589 1408 2637 nempe
1443 2572 1690 2621 facultate
1718 2570 2047 2630 resolvenda,

201 2654 504 2708 relaxante,
556 2658 637 2706 et,
695 2645 796 2693 nisi
843 2643 1000 2690 nimia
1049 2643 1340 2708 quantitate
1382 2653 1641 2702 sumatur,
1703 2639 2051 2690 nutritionem

202 2724 357 2790 juvat.
429 2722 488 2766 ln
535 2715 774 2765 febribus
825 2712 1054 2761 calorem
1099 2722 1384 2777 temperat,
1437 2720 1795 2778 quapropter,
1857 2720 1913 2758 ut
1956 2727 2048 2759 no-

201 2804 313 2842 tum
358 2801 467 2849 est,
549 2782 826 2835 emulsioni
900 2781 1239 2829 limoniorum
1319 2780 1739 2828 aut-amioruutve
1809 2777 2048 2838 additum

205 2859 405 2927 subigit
466 2856 700 2922 pituitam
754 2852 999 2918 illamque
1049 2851 1237 2909 solvit,
1314 2867 1466 2916 quam
1517 2848 1585 2897 ob
1633 2866 1745 2896 rem
1799 2848 1853 2895 in
1895 2847 2050 2896 chro-

199 2930 337 2979 nicis
407 2924 639 2992 pectoris
703 2921 931 2977 morbis,
993 2919 1155 2975 tussi,
1216 2918 1476 2967 ‘asthmate
1523 2929 1575 2967 et
1622 2935 1661 2966 s.
1713 2934 1767 2982 p.
1806 2915 2043 2982 prodest.

200 2999 358 3053 Valet
412 2996 566 3045 etiam
625 3003 804 3041 contra
867 2988 1200 3045 scot-butum,
1272 2987 1636 3052 putredinem,
1694 2985 1901 3034 vesicae
1947 2986 2049 3033 cal-

203 3069 393 3118 culum.
483 3062 646 3112 Moris
696 3071 776 3110 est
823 3070 923 3107 tam
964 3057 1130 3114 Indis,
1189 3074 1340 3123 quam
1383 3056 1585 3104 colonis
1632 3054 1918 3112 Brasiliae,
1965 3071 2050 3103 re·

206 3147 392 3188 center
452 3131 687 3196 expressi
746 3129 887 3177 succi
952 3125 1244 3174 saccharini
1310 3143 1542 3190 magnam
1601 3123 1810 3188 copiam
1863 3123 2051 3172 bibere

189 3216 391 3256 *contra
424 3217 622 3249 venena
649 3211 979 3263 serpentum,
1021 3195 1391 3260 scorpionum,
1448 3192 1784 3241 formicarum
1820 3203 1874 3240 et
1905 3191 2052 3240 simi-

204 3275 337 3324 lium
387 3270 681 3321 animali¹¹m
741 3270 851 3314 ictu
921 3263 1187 3311 instillata.
1282 3261 1523 3310 Africana
1567 3262 1725 3310 etiam
1773 3261 2048 3326 mancipia,

209 3343 425 3413 quaein
466 3336 701 3387 officinis
749 3332 1103 3382 saccharaceis
1155 3329 1493 3388 adhibentur,
1547 3342 1676 3395 potu
1720 3330 1866 3397 largo
1905 3329 2050 3378 succi

210 3409 502 3462 saccharini
548 3405 789 3455 calefacti
831 3411 1013 3450 contra
1057 3398 1410 3449 rheumaticos
1451 3399 1664 3449 dolores
1697 3409 1752 3448 et
1787 3398 2051 3447 membro-

208 3499 322 3531 rum
347 3481 579 3548 rigorem
606 3494 630 3525 a
653 3473 856 3541 frigore
890 3470 1188 3530 inductum,
1227 3485 1334 3518 non
1369 3470 1484 3518 sine
1519 3468 1662 3520 bono
1695 3477 2047 3536 promptoque
