2100 3882
40 314 139 364 His
189 326 453 378 nunquam
504 305 734 358 obtinuit
771 305 961 361 terris,
1015 304 1265 369 solosque
1303 301 1511 369 ligones

42 404 308 451 Arvorum
345 396 486 445 cultu
524 393 838 459 plerumque
874 390 1126 440 adhibere
1167 390 1413 439 solemus.

41 485 336 551 Praecipua
370 482 501 531 haec
541 479 692 529 nobis
731 489 851 526 sunt
887 496 1057 527 arma:
1107 480 1236 527 haec
1273 477 1404 527 Afer
1440 478 1703 535 alumnus,

43 574 276 640 Impiger
314 555 621 635 assurgens,
660 564 1004 633 manibusque
1048 578 1100 615 et
1138 582 1365 631 corpore
1405 576 1519 616 toto

44 660 311 710 Connixus
349 666 566 714 tractat,
607 669 724 702 cum
765 663 904 701 terra
940 652 1223 713 inaranda,
1263 670 1556 720 gravesque

47 747 247 799 Glebae
287 741 654 809 effringendae
683 777 695 801 ,
735 739 1063 789 runcandave
1099 741 1286 789 messis
1326 742 1379 789 in
1416 740 1600 790 herba.

182 835 282 882 His
318 830 477 897 igitur
516 829 709 877 sulcata
747 828 937 887 armiS,
978 846 1076 894 qua
1113 827 1323 891 juverit*
1345 846 1527 895 agrum

47 923 375 975 Consereoe,
431 915 678 982 oblongis
717 914 994 965 scrobibus
1033 915 1134 964 tibi
1169 925 1309 964 terra
1345 915 1596 965 dehiscat.

52 1008 291 1085 Quisque
329 1004 492 1070 pedes
529 1002 768 1075 geminos
807 1001 1028 1051 ducatur
1062 1002 1236 1051 sulcus
1275 1003 1339 1052 ad
1376 1003 1534 1052 imum
1557 1037 1572 1062 ‚

51 1097 163 1148 Ore
199 1091 493 1158 bipalmari.
563 1093 794 1140 Juvenes
832 1090 908 1139 ibi
947 1090 1136 1140 defode
1174 1105 1395 1150 cannas,

47 1187 212 1234 Unam
251 1181 337 1230 alii
373 1189 523 1228 recto
562 1178 638 1227 sic
675 1177 897 1243 jungens
933 1178 1103 1228 limite
1126 1215 1139 1239 ‚
1175 1187 1234 1225 ut
1270 1177 1432 1226 hastis

52 1271 343 1335 Contiguae
382 1265 630 1315 extremis
665 1264 887 1330 jaceant.
961 1270 1085 1314 Mox
1121 1264 1252 1315 talea
1290 1275 1569 1333 postquam
1631 1286 1634 1287 ⁷

55 1357 239 1410 Omnis
277 1355 378 1403 erit
414 1354 570 1402 sulcis
609 1353 808 1401 infossa
832 1390 844 1413 ‚
883 1353 1093 1418 replere
1131 1353 1341 1403 lacunas

54 1449 318 1510 Tempus,
358 1451 412 1489 et
449 1453 680 1507 egestam
717 1440 772 1488 in
808 1456 1001 1490 vacuos
1038 1441 1317 1491 revocabis
1355 1440 1530 1490 hiatus

53 1536 254 1582 Rursus
290 1529 536 1589 humum3
576 1527 729 1577 modo
770 1545 837 1576 ne
871 1528 1034 1595 largis
1072 1528 1359 1578 madefacta
1396 1541 1667 1596 gravescat

54 1618 348 1675 Imbribus,
387 1626 543 1683 atque
581 1616 712 1664 adeo
751 1615 821 1664 sit
857 1617 1095 1680 pondere
1133 1618 1290 1666 noxia
1325 1617 1554 1684 plantis,

56 1709 295 1774 Aptaque
332 1719 458 1770 prae
497 1703 663 1752 nimio
699 1719 1044 1770 corrumpere
1083 1715 1268 1754 cuncta
1305 1706 1536 1754 madore.

55 1793 333 1860 Largster,
374 1790 574 1839 aestivo
616 1790 660 1838 si
698 1807 895 1857 panges
934 1803 1174 1858 tempore
1214 1808 1437 1852 cannas,

59 1886 281 1930 Terram
317 1877 506 1928 adhibe
552 1876 736 1927 sulcis:
775 1896 997 1945 namque
1033 1879 1134 1928 hoc
1170 1880 1314 1926 velut
1351 1896 1543 1947 aggere
1583 1880 1710 1930 solis

64 1965 195 2013 Tela
231 1966 610 2027 retunduntur,
650 1984 716 2015 ne
753 1983 809 2015 sc
848 1966 1191 2031 penetrabilis
1229 1966 1386 2014 ardor
1515 2024 1527 2037 x

59 2052 296 2102 Insinuet
332 2054 638 2114 scrobibus,
688 2054 854 2102 nimio
893 2066 944 2104 et
977 2065 1082 2102 sata
1122 2066 1321 2103 torreat·
1360 2065 1524 2103 aestu.

60 2141 179 2188 Non
217 2151 388 2189 tamen
424 2141 487 2190 ad
523 2142 738 2205 plenum
775 2142 947 2190 sulcos
984 2141 1264 2209 aequabis,
1316 2152 1367 2190 et
1406 2159 1610 2190 omnem

61 2227 333 2276 Restitues
382 2228 672 2278 malesanus
724 2228 969 2278 humum:
1027 2229 1183 2277 nimis
1237 2228 1422 2277 obruta
1475 2230 1654 2292 tarde,

61 2315 236 2382 Atque
274 2315 638 2365 incumbentes
678 2315 761 2365 vix
797 2327 1045 2382 rumpent
1081 2315 1318 2383 germina
1355 2315 1555 2381 glebas.

62 2406 209 2468 Ergo
246 2403 452 2454 telluris
488 2420 707 2468 parcus,
749 2420 815 2451 ne
854 2403 992 2453 forte
1028 2414 1299 2469 prematur

63 2490 339 2550 Pondere,
387 2490 469 2540 fac
506 2491 696 2540 leviter
731 2493 974 2542 tumulata
1012 2492 1282 2540 recumbat
1321 2493 1539 2543 arundo.

201 2581 336 2626 Tum
373 2590 649 2645 postquam
687 2579 864 2627 vacuis
903 2579 1090 2628 reddes
1129 2597 1218 2629 sua
1256 2579 1461 2630 viscera
1501 2582 1690 2644 sulcis,

64 2665 344 2732 Paulisper
381 2667 628 2715 sumenda
667 2668 836 2734 quies.
913 2674 1079 2720 Breve
1117 2678 1355 2732 tempus,
1395 2679 1448 2717 et
1488 2669 1598 2734 ipsa

67 2752 406 2803 Herbescens
441 2753 542 2819 jam
580 2771 740 2803 canna
779 2755 922 2803 sinus
949 2791 961 2812 ‚
1000 2755 1275 2822 nodosque
1314 2756 1557 2817 resolvit,

70 2841 403 2908 Radicesque
450 2842 588 2907 agit,
644 2852 696 2890 et
731 2854 972 2891 tenerum
1008 2843 1058 2890 in
1098 2842 1321 2891 sublime
1363 2839 1613 2894 cacumen

70 2928 327 2995 surrigit:
367 2928 557 2977 erectis
597 2944 723 2993 ager
762 2930 992 2995 undiquc
1033 2929 1296 2977 inhorruit
1333 2930 1513 2980 hastis.

70 3016 357 3064 Cadmaeos
396 3016 580 3065 credas
620 3014 811 3065 iterum
851 3016 1071 3065 viruisse
1111 3016 1357 3076 novales,

74 3105 202 3151 Cum
241 3103 398 3167 pilata
436 3120 586 3168 seges
626 3104 803 3152 densis
839 3103 1114 3152 hastilibus
1154 3103 1324 3168 ipsum

74 3189 294 3260 Terruit
331 3191 641 3254 agricolam,
681 3192 957 3239 mirantem
998 3191 1197 3240 credita
1237 3193 1392 3240 sulcis

75 3276 288 3327 Semina
324 3276 613 3338 bellorum,
655 3289 707 3328 et
741 3278 1033 3328 foecundos
1072 3278 1239 3328 milite
1271 3296 1500 3347 campos.

75 3364 204 3414 Tale
243 3363 436 3413 dabunt
472 3365 772 3430 specimen,
813 3366 1000 3415 densas
1040 3365 1239 3415 imitata
1275 3366 1583 3433 phalanges,

78 3454 210 3503 Post
243 3467 432 3501 annum
468 3450 682 3502 subnata
706 3453 833 3505 ‘solo
869 3462 1089 3502 canneta
1125 3451 1319 3511 feraci,

1207 3539 1339 3602 37⁸

1791 163 1892 214 579
