2100 3882
34 100 373 172 Gammam.
463 117 810 169 Onsanvano
865 131 1171 168 ceommca
1226 133 1297 167 m·
1345 133 1687 169 oncouomca
1766 124 1868 177 569

41 267 94 314 in
124 266 397 332 superiore
424 276 572 331 parte
602 266 1010 315 remanentibus.
1083 265 1396 316 saccharum
1437 265 1676 316 melioris
1716 281 1873 320 notae

42 335 310 399 pulverem
359 347 480 384 tunc
524 334 660 382 sistit
700 333 1037 399 granulosum
1091 335 1269 384 colore
1305 334 1516 384 helvolo
1553 335 1632 383 vel
1675 336 1873 388 albido-

46 402 393 461 flavescente,
450 402 830 450 subviscidum:
883 403 1182 451 saccharum
1214 403 1538 451 farinaceum
1576 421 1618 451 s.
1655 406 1873 456 crudum

43 484 362 536 nuncupant.
432 471 522 519 lna
560 487 686 518 vero
724 468 958 518 sacchari
994 488 1141 536 pars,
1181 472 1266 519 cui
1300 471 1469 535 major
1490 471 1686 538 liquidi
1724 476 1877 540 copia

39 540 308 595 inhaeret,
363 539 542 587 colore
583 539 892 586 obscuriore
945 550 1059 597 est,
1107 539 1250 588 fulvo
1284 551 1375 586 aut
1411 540 1613 589 rusulo:
1651 539 1876 590 Mascu-

46 608 180 655 hado
236 609 428 658 dicunt.
500 606 727 655 Modulis
782 618 1039 654 exemtum
1091 608 1283 656 storeis
1321 609 1634 658 insternitur
1671 613 1877 680 solique

44 677 339 742 expositum
383 694 501 725 mox
537 686 732 722 tantum
770 675 1093 723 humiditatis
1132 676 1354 733 amittit,
1395 689 1451 724 ut
1487 679 1686 743 magnis
1725 683 1876 731 cistis

41 745 234 811 ligneis
282 745 477 792 includi
541 745 742 809 possit,
794 743 982 810 quibus
1029 745 1080 791 in
1135 747 1398 810 Europam
1447 745 1671 795 vehitur.
1745 753 1877 801 Sunt

45 814 143 862 hae
179 814 230 860 in
279 814 499 861 Brasilia
548 813 825 868 maximae,
876 813 1071 879 quippe
1121 830 1249 879 quae
1312 813 1669 874 1300-—1400
1717 819 1877 867 libra*

44 900 156 930 rum
208 881 409 946 pondus
459 892 712 948 aequent3
765 882 984 948 parique
1034 881 1295 930 volumine
1347 882 1400 929 in
1451 885 1668 932 caeteris
1718 890 1876 937 terris

42 949 403 999 sacchariferis
459 951 544 1000 vix
593 949 930 998 fabricantur.
1019 948 1327 1000 Saccharum
1380 951 1593 999 crudum
1634 954 1684 1002 in
1724 955 1880 1007 solidi

41 1037 83 1068 s·
122 1018 455 1082 pyramidalis
491 1019 730 1079 formam,
769 1019 1013 1067 duritiem
1050 1030 1103 1068 et
1139 1018 1472 1083 splendorem
1508 1033 1707 1072 mutare
1742 1025 1877 1076 haud

35 1088 450 1145 Brasiliensium,
493 1088 582 1136 sed
605 1089 915 1136 nostratium
938 1099 1018 1136 est
1036 1087 1325 1135 industriae
1352 1103 1365 1147 3
1404 1088 1473 1136 ita
1501 1101 1552 1137 ut
1576 1091 1686 1141 illic
1712 1106 1876 1144 terra-

40 1174 154 1204 rum
173 1157 255 1203 vix
274 1157 375 1204 nisi
394 1156 714 1205 farinaceum
741 1155 794 1203 in
815 1174 961 1203 usum
982 1156 1150 1206 veniat
1174 1167 1329 1223 atque
1354 1158 1502 1204 crudi
1531 1158 1878 1230 fuscidulique
1937 1192 1942 1203 ι

44 1225 249 1291 quidam
287 1243 472 1290 panes,
529 1243 659 1292 quos
707 1223 1001 1290 Rapadura
1041 1225 1236 1273 dicunt.
1308 1225 1544 1274 Ulterior
1580 1241 1748 1278 autem
1786 1235 1877 1283 de-

45 1293 250 1360 puratio
303 1294 360 1341 fit
409 1295 595 1342 iterata
645 1309 759 1341 cum
811 1312 939 1360 aqua
988 1305 1041 1343 et
1087 1312 1200 1342 cum
1248 1311 1378 1360 aqua
1418 1294 1574 1344 calcis
1614 1301 1876 1361 coctione,

45 1362 466 1427 despumatione,
550 1380 647 1427 per
694 1380 892 1428 pannos
945 1362 1123 1412 laneos
1193 1364 1591 1414 transmissione
1645 1378 1696 1416 et
1744 1370 1882 1421 intra

48 1431 289 1481 modulos
327 1432 421 1489 iis,
464 1449 594 1498 quos
632 1431 1035 1497 descripsimus),
1090 1431 1288 1480 similes
1326 1433 1777 1496 crystallisatione.

182 1501 337 1575 Quod
375 1502 612 1566 expOsito
632 1501 731 1548 hoc
749 1502 905 1549 modo
935 1514 1274 1566 praeparatur
1311 1501 1609 1550 saccharum
1651 1509 1879 1567 crudum,

48 1569 223 1617 variae
265 1571 422 1617 sortis
461 1581 572 1625 est,
634 1571 743 1617 sive
789 1569 937 1618 color
985 1581 1280 1635 spectetur,
1336 1570 1444 1618 sive
1483 1572 1718 1637 pondus,
1770 1578 1880 1627 sive

51 1638 444 1703 deliquescendi
483 1640 630 1687 ocius
665 1639 886 1687 citiusve
925 1639 1090 1694 ratio,
1130 1638 1239 1688 sive
1277 1637 1519 1689 dulcedo.
1594 1644 1699 1715 Qui
1736 1663 1884 1696 usum

47 1707 129 1755 rei
166 1707 384 1765 habent,
435 1707 591 1756 facile
640 1707 767 1755 tritu
803 1708 942 1756 inter
978 1707 1171 1773 digitos
1211 1708 1351 1755 illius
1390 1713 1755 1772 praestantiam
1797 1733 1884 1764 ex·

45 1776 338 1840 periuntur.
411 1776 656 1836 Candor,
708 1776 946 1834 siccitas,
1002 1775 1441 1843 granulorumque
1480 1781 1637 1845 (quae
1675 1786 1887 1847 crystal-

46 1844 128 1893 los
166 1845 356 1892 sistunt
393 1846 508 1910 plus
561 1846 730 1892 minus
788 1861 954 1910 prope
995 1845 1254 1908 evolutas)
1309 1857 1414 1893 tam
1465 1847 1688 1897 durities
1739 1871 1890 1920 quam

48 1914 302 1978 asperitas
342 1914 650 1978 praecipuae
691 1926 808 1961 sunt
848 1912 1152 1980 qualitates,
1206 1931 1338 1981 quae
1389 1916 1690 1966 saccharum
1742 1940 1887 1989 egre„

51 1983 193 2047 gium
231 1983 472 2046 produnt.
547 1983 815 2049 Optimum
839 2019 851 2041 ,
891 1981 1028 2048 quod
1068 1984 1120 2030 in
1157 1983 1377 2031 Brasilia
1415 1997 1656 2049 paratur,
1707 2006 1886 2054 genus,

52 2053 106 2098 in
142 2051 391 2116 regione,
443 2069 594 2118 quam
633 2049 857 2117 Campos
893 2053 986 2098 clos
1025 2049 1390 2118 Goyalacazes
1443 2055 1654 2116 dicunt,
1707 2062 1889 2127 coqui-

53 2131 167 2180 tur3
203 2119 323 2168 huic
360 2121 656 2184 proximum
692 2132 802 2178 est,
843 2121 985 2186 quod
1022 2137 1085 2169 ex
1122 2121 1318 2185 oppido
1359 2123 1635 2172 Santorum
1675 2127 1729 2173 in
1765 2148 1889 2193 pro-

51 2188 224 2236 vincia
264 2190 315 2237 S.
355 2190 505 2236 Pauli
542 2187 713 2250 (Villa
749 2189 812 2236 de
848 2191 1064 2251 santos)
1101 2201 1442 2254 exportatur3
1491 2204 1599 2241 tum
1649 2198 1891 2247 sacchara

52 2256 341 2316 babiensia‚
381 2270 434 2305 et
469 2270 590 2323 post
625 2258 751 2306 haec
786 2256 1198 2323 pernambucana
1238 2270 1289 2306 et
1325 2260 1645 2327 reliquarum
1686 2267 1749 2314 ad
1783 2270 1890 2317 Bo-

53 2343 197 2374 ream
250 2326 609 2375 accedentium
665 2328 1052 2393 provinciarum
1107 2327 1406 2377 succedunt.
1479 2332 1736 2381 Inferiora
1776 2337 1889 2403 qui-

57 2393 175 2442 dem
225 2407 342 2444 sunt
394 2397 672 2444 brasiliana
730 2396 969 2444 sacchara
1026 2395 1160 2454 illis,
1229 2415 1360 2463 quae
1427 2399 1476 2446 in
1527 2400 1668 2448 Cuba
1718 2405 1889 2454 insula

51 2475 459 2529 praeparantur3
509 2467 821 2514 antecedunt
869 2481 995 2513 vero
1034 2465 1303 2533 plerisque
1341 2483 1403 2514 ex
1440 2468 1583 2518 India
1621 2472 1887 2536 orientali,

51 2533 195 2581 inter
227 2550 357 2600 quae
394 2534 668 2583 siamensia
698 2535 889 2599 primas
920 2535 1098 2583 laudes
1124 2535 1366 2584 obtinere
1404 2548 1665 2601 putantur.

186 2603 536 2667 Designandis
583 2603 917 2670 qualitatibus
967 2604 1292 2652 diversorum
1342 2605 1704 2656 sacchar-orum
1743 2610 1889 2659 inde·
1945 2632 1949 2635 ·

53 2686 155 2736 que
198 2671 437 2735 cogendo
486 2674 728 2737 vectigali
780 2673 832 2720 in
869 2673 1125 2721 Brasiliae
1166 2674 1415 2737 portubus
1453 2673 1693 2725 officium
1731 2695 1889 2744 pecu-

52 2738 184 2786 liare
221 2740 429 2805 publica
472 2744 807 2790 constitutum
848 2751 928 2789 est
969 2743 1311 2800 auctoritate,
1366 2745 1505 2808 quod
1543 2748 1772 2812 quamvis
1813 2750 1887 2797 ci·

55 2817 183 2854 stam
213 2808 429 2872 inspicit
455 2808 705 2876 ferroque
728 2810 970 2858 candenti
1002 2811 1205 2877 signum
1237 2810 1895 2882 determinatum(l³}?rros)

56 2875 256 2935 inurit,
305 2895 402 2942 pro
441 2895 543 2944 quo
591 2878 790 2926 stabilis
833 2879 1085 2942 pecuniae
1127 2897 1356 2937 summa,
1410 2891 1463 2928 et
1507 2884 1666 2946 pretii
1709 2887 1890 2936 vendi-

57 2945 158 2992 tori
196 2957 247 2992 et
278 2946 554 3012 vectigalis
594 2947 922 3011 reipublicae
969 2947 1235 3013 penditur.
1307 2950 1542 2998 Pretium
1579 2969 1703 3002 vero
1744 2973 1892 3023 prae-

57 3023 141 3060 ter
177 3014 305 3061 illud
357 3013 543 3074 fixum,
609 3016 747 3082 quod
791 3016 954 3081 signis
1004 3016 1193 3065 inustis
1221 3015 1491 3075 definitur,
1534 3039 1736 3071 omnem
1781 3043 1888 3076 sac..

58 3081 202 3131 chari
240 3084 654 3133 aestimationem
679 3086 942 3150 complens
969 3082 1133 3132 Prezo
1172 3085 1322 3133 sobre
1358 3103 1414 3134 os
1453 3085 1643 3138 Ferros
1678 3091 1890 3151 dictum,

56 3150 214 3198 variis
251 3154 553 3201 commercii
582 3153 1030 3202 vicissitudinibus
1066 3153 1346 3204 obnoxium
1391 3168 1484 3204 est.
1557 3161 1680 3208 Sunt
1719 3173 1890 3209 autem

58 3219 144 3266 illa
173 3219 317 3285 signa
357 3221 512 3269 variis
549 3225 601 3270 in
639 3222 892 3286 portubus
930 3224 1097 3277 varia,
1133 3224 1204 3272 ita
1249 3235 1301 3272 ut
1344 3236 1395 3273 et
1434 3225 1551 3275 heic
1596 3228 1700 3276 loci
1731 3230 1890 3278 addu-

61 3286 222 3335 cenda
268 3288 566 3347 videantur,
622 3308 686 3339 ne
729 3291 1015 3340 benevolus
1055 3293 1225 3342 lector
1265 3294 1657 3359 praecipuarum
1693 3314 1888 3356 rerum,

62 3372 193 3422 quae
242 3355 304 3404 ad
348 3357 578 3408 sacchari
629 3360 1000 3410 commercium
1055 3362 1351 3427 pertinent,
1420 3363 1544 3429 quid
1586 3364 1889 3417 desiderare

58 3435 254 3490 posset.
