2100 3882
308 105 658 173 GnAmmssan.
734 99 1090 152 OnsEnvA'rlo
1126 114 1525 150 GEOGRAPmCA.
1784 102 1891 152 547

29 253 83 302 in
120 251 430 319 provinciae
466 251 728 300 Minarum
765 248 1038 297 districtus
1080 246 1338 296 Comarca
1391 245 1457 294 (Io
1515 242 1664 294 Ouro
1721 256 1877 311 preto

25 332 81 372 et
141 320 207 368 do
261 319 417 368 Serro
470 314 590 366 Frlo
641 316 839 382 majore
878 329 1028 382 parte
1066 335 1121 367 se
1158 317 1346 378 habet3
1392 325 1576 365 contra
1626 316 1680 363 in
1730 328 1881 380 parte

27 387 635 443 australi-occidentali,
702 386 767 434 ad
830 390 1251 451 Megapotamum
1311 396 1564 451 vergente
1620 395 1774 451 atque
1828 386 1884 432 in

25 476 237 524 campos
281 475 504 522 pascuos
542 457 593 504 S.
631 455 784 502 Pauli
832 455 1086 509 abeunte,
1151 455 1253 504 etsi
1298 457 1423 504 1800
1463 467 1515 504 et
1549 454 1709 503 immo
1749 470 1884 504 2ooo

26 546 182 594 supra
232 544 375 575 mare
433 526 591 591 pedes
629 524 860 582 elevata,
917 523 1197 573 latioribus
1237 525 1376 589 jugis
1411 524 1703 572 collibusve
1739 524 1885 570 inae-

31 596 199 665 quali,
264 612 509 643 numerus
571 593 895 658 graminum,
971 593 1176 640 ratione
1227 594 1550 660 reliquarum
1602 592 1888 641 herbarum

34 677 284 731 augetur,
338 676 391 712 et
437 663 547 730 agri
602 663 837 726 caespite
897 661 1169 725 gramineo
1230 673 1507 727 teguntur,
1575 662 1654 709 illi
1706 662 1887 719 simili,

32 753 136 802 quo
189 732 442 782 nostratia
499 743 643 797 prata
694 731 836 778 arida
881 729 1141 796 gaudent,
1200 731 1304 778 nisi
1357 731 1496 797 quod
1535 730 1663 779 haec
1703 747 1889 796 super-

36 804 180 852 biant
209 802 530 866 graminibus
557 799 927 856 erecfioribus,
968 798 1096 847 duos
1136 810 1307 848 tresve
1339 801 1505 864 pedes
1543 800 1662 848 altis
1695 802 1893 850 minus·

35 889 138 940 que
176 872 390 937 glabris,
476 874 621 918 Haec
669 869 836 918 omnis
891 868 1272 918 Graminum
1337 869 1686 918 Oreadum
1736 871 1888 936 regio

31 941 228 1006 tropici
279 939 417 988 coeli
474 937 932 987 vicissitudinibus
985 948 1273 986 recreatur.
1362 939 1503 987 Vere
1553 956 1780 1003 nempe,
1836 938 1891 986 id

35 1022 117 1058 est
153 1009 421 1058 mensibus
450 1008 712 1068 Octobri,
753 1006 1038 1056 Novembri
1055 1028 1075 1063 ‚·
1107 1004 1428 1064 Decembri,
1470 1007 1737 1072 plusculae
1775 1006 1892 1072 plu-

32 1080 147 1130 viae
200 1095 258 1127 ac
309 1077 666 1143 copiosissimi
705 1094 856 1125 rores
896 1076 1284 1143 vegetationem
1322 1076 1511 1125 laetam
1550 1078 1893 1144 celeremque

37 1158 389 1216 promovent,
442 1159 767 1212 augeturque
820 1145 952 1194 mire
1005 1146 1424 1203 incrementum,
1479 1164 1635 1213 quum
1676 1146 1890 1202 imbres,

36 1234 134 1284 per
170 1233 405 1264 mensem
440 1216 778 1264 Februarium
804 1215 919 1263 fere
948 1216 1216 1273 continui,
1257 1214 1559 1263 succedunt.
1632 1217 1743 1263 Jam
1784 1218 1893 1264 De-

38 1286 242 1336 cembri
284 1301 462 1334 mense
502 1285 728 1333 anthesis
766 1284 953 1332 horum
992 1285 1282 1350 graminum
1325 1284 1541 1348 incipit,
1597 1284 1893 1332 Februario

40 1357 340 1420 Martioque
378 1355 584 1403 culmen
623 1355 862 1420 attingit3
922 1371 1099 1401 mense
1136 1354 1326 1411 Junio‚
1378 1372 1481 1420 quo
1521 1354 1717 1402 siccior
1756 1354 1915 1402 aeris‘

39 1424 279 1474 conditio
319 1424 594 1481 increscit,
634 1424 861 1489 primum
899 1420 1214 1471 flaccescere
1253 1422 1551 1486 incipiunt,
1587 1423 1731 1472 Julio
1764 1438 1893 1471 vero

43 1506 96 1544 et
151 1495 384 1560 Augusto
438 1504 546 1541 tota
599 1493 760 1558 regio
802 1493 1141 1540 s÷ramineum
1200 1493 1435 1541 colorem
1491 1493 1699 1551 induit,
1749 1490 1899 1540 foliis

41 1562 335 1630 culmisque
366 1561 775 1628 pallescentibus
816 1573 868 1608 et
904 1579 1069 1628 usque
1108 1562 1173 1609 ad
1207 1561 1412 1609 radices
1447 1562 1897 1610 exarescentibus.

40 1635 153 1683 Jam
192 1648 329 1679 nunc
371 1649 467 1697 per
503 1648 736 1695 magnam
775 1630 1017 1696 jugorum
1059 1641 1110 1678 et
1148 1631 1484 1695 planitierum
1515 1631 1715 1696 plagam
1753 1648 1901 1678 men-

42 1702 186 1751 sibus
222 1703 457 1767 Augusto
508 1714 558 1749 et
597 1701 900 1766 Septembri
940 1697 1232 1748 artificialis
1271 1701 1409 1748 ustio
1447 1700 1676 1766 ingruit,
1720 1701 1783 1748 ab
1821 1701 1902 1746 in-

41 1770 176 1820 colis
229 1787 347 1820 eum
394 1770 448 1817 in
498 1768 654 1818 finem
707 1770 978 1827 instituta,
1050 1781 1103 1818 ut
1153 1767 1568 1835 conflagratione
1617 1768 1903 1818 carbonem

44 1850 251 1907 parent,
294 1839 688 1887 stercorationis
736 1839 856 1886 loco
910 1838 1000 1905 qui
1047 1856 1165 1887 arva
1204 1840 1467 1887 melioret.
1553 1839 1658 1914 Qui
1697 1855 1762 1886 ex
1815 1838 1905 1886 ad-

44 1909 179 1957 ustis
209 1907 474 1956 radicibus
506 1924 563 1956 ac
597 1907 895 1956 turionibus
934 1907 1106 1973 primo
1143 1909 1503 1971 regerminant
1550 1908 1708 1956 culmi
1744 1924 1904 1973 saepe

46 1989 101 2028 et
137 1978 394 2026 tenuitate
432 1989 486 2025 et
527 1975 925 2025 inflorescentia
981 1994 1007 2024 a
1048 1976 1253 2042 speciei
1302 1989 1427 2042 typo
1454 1977 1714 2039 ¹nonnihil
1759 1993 1907 2025 rece—

48 2049 176 2096 dere
225 2045 485 2095 videntur.
569 2047 841 2095 Redeunte
897 2056 1024 2094 tunc
1074 2057 1391 2110 tempestate
1455 2047 1628 2110 pluvia
1672 2047 1909 2095 omnium

47 2114 423 2182 vegetabilium
468 2116 636 2180 prima
686 2126 836 2174 sunt,
888 2133 1020 2180 quae
1075 2116 1129 2163 in
1171 2133 1305 2163 nova
1352 2117 1678 2164 incrementa
1719 2126 1907 2175 ruant3

42 2201 218 2252 neque
256 2195 430 2233 tamen
463 2196 566 2231 tam
602 2185 710 2232 cito
754 2183 856 2232 hoc
892 2183 976 2242 fit,
1031 2202 1089 2233 ac
1140 2184 1191 2230 in
1234 2186 1755 2234 Graminearum
1796 2187 1911 2232 Na-

43 2270 370 2320 paearum
408 2254 577 2312 arvis,
617 2253 815 2320 quippe
852 2270 1020 2318 quae,
1062 2254 1209 2319 quasi
1255 2254 1460 2319 magico
1501 2252 1728 2302 artificio
1773 2254 1913 2302 revi-

48 2322 351 2381 rescentia,
407 2322 726 2371 brevissimo
767 2323 1024 2386 temporis
1070 2323 1240 2387 spatio
1286 2323 1595 2371 nostratium
1643 2334 1913 2388 pratorum

49 2393 276 2442 alacrem
330 2391 669 2457 splendorem
735 2391 975 2438 induunt.
1079 2391 1422 2456 Singulorum
1481 2393 1915 2457 repullulantium

49 2478 298 2510 numerus
354 2478 417 2509 eo
469 2460 662 2525 major,
733 2478 837 2526 quo
900 2460 1086 2524 purior
1144 2476 1354 2524 campus
1407 2459 1637 2526 (Campo
1707 2460 1914 2527 limpo),

53 2530 111 2580 id
146 2540 265 2589 est,
319 2547 423 2597 quo
478 2530 641 2595 magis
697 2530 990 2578 arbusculis
1042 2529 1418 2597 fruticulisque
1452 2528 1793 2592 (Taboleiro)
1834 2547 1918 2579 ca·

55 2610 170 2660 ret,
210 2615 343 2666 quae
368 2597 517 2646 valde
538 2598 862 2665 impediunt,
905 2616 1008 2666 quo
1038 2599 1208 2646 minus
1245 2600 1508 2664 caespites
1539 2601 1777 2649 continui
1807 2599 1940 2654 for-¹

48 2681 274 2717 mentur.
364 2668 631 2743 Quaedam
692 2669 1218 2717 Graminearum
1277 2668 1633 2718 Oreadum
1707 2669 1917 2736 species

53 2738 154 2787 soli
180 2747 351 2802 certas
386 2738 722 2786 conditiones
753 2738 1110 2804 praediligere
1145 2737 1424 2799 videntum
1463 2739 1632 2800 aliae,
1671 2751 1727 2787 ut
1746 2755 1920 2788 exem-

49 2807 153 2874 plis
197 2818 340 2865 utar,
418 2807 655 2872 argillam
704 2806 1090 2874 ferruginosam
1148 2806 1462 2866 auriferam,
1522 2809 1652 2856 aliae
1702 2809 1919 2857 humum

53 2877 338 2943 pinguem,
395 2876 600 2942 qualem
635 2876 769 2940 apud
799 2893 895 2924 nos
941 2893 1002 2924 ex
1041 2875 1278 2943 deliquio
1315 2877 1593 2925 Ericarum
1639 2877 1917 2926 oriundam

58 2945 295 2994 videmus
319 2980 331 3003 ,
372 2944 484 2993 illic
526 2945 765 2994 locorum
801 2963 897 3010 per
934 2945 1180 3010 planities
1219 2944 1347 2993 altas
1386 2944 1725 3011 (Chapadas)
1762 2963 1924 3012 saepe

57 3014 165 3062 late
239 3013 507 3081 longeque
583 3012 862 3072 diffusam,
934 3014 1066 3063 aliae
1115 3031 1319 3062 arenam
1380 3014 1577 3073 albam,
1648 3033 1677 3064 e
1736 3017 1923 3065 schisti

55 3081 324 3150 quartzosi
384 3082 584 3132 detritu
651 3094 838 3133 ortam.
938 3084 1021 3132 De
1072 3083 1153 3132 his
1217 3100 1344 3132 vero
1394 3084 1686 3133 adhucdum
1738 3085 1921 3134 obser-

58 3150 358 3200 vationibus
392 3169 645 3201 caremus.
721 3152 780 3200 ld
821 3169 980 3200 unum
1005 3188 1017 3209 ,
1075 3151 1217 3219 quod
1250 3152 1352 3201 huc
1376 3155 1643 3219 pertinet,
1700 3171 1921 3202 monen-

61 3219 180 3269 dum
217 3218 416 3277 habeo,
482 3221 775 3270 Melinin
826 3222 1350 3271 minutifloram
1409 3223 1620 3285 (incolis
1677 3221 1924 3287 Coa-piru

65 3286 319 3336 Gordura
374 3307 414 3338 s.
467 3287 730 3349 mellado,
803 3290 838 3339 i.
888 3308 933 3340 e.
981 3307 1195 3357 gramen
1242 3292 1596 3358 unguinosum
1617 3328 1653 3353 ,ι
1701 3290 1925 3353 dictam)

60 3357 510 3424 conglomeratum
537 3358 665 3407 illud
689 3358 1089 3426 ferruginosum
1121 3376 1386 3426 saepeque
1420 3359 1708 3410 auriferum
1730 3395 1743 3418 ,
1783 3359 1928 3425 quod

57 3425 360 3496 antiquiora
402 3427 661 3476 montium
705 3439 864 3479 strata
906 3429 1010 3479 lata
1060 3428 1213 3496 plaga
1259 3430 1518 3496 obtegens
1572 3445 1674 3495 per
1725 3440 1927 3479 vastam
1975 3446 1990 3454 s

1208 3498 1340 3560 35*
