2100 3882
70 112 412 162 Gne-mmmm.
483 106 838 159 O'sssmzvnm
885 125 1185 160 Georomca
1239 128 1306 160 ΕΤ
1361 127 1765 175 oecosomci„
1805 118 1903 170 563

58 259 292 323 augenda
320 256 489 304 minus
510 254 691 304 effecit
717 271 868 320 quam
893 255 1025 304 fama
1053 257 1116 305 de
1143 257 1444 308 incredibili
1476 259 1591 310 fere
1629 263 1741 309 auri
1786 261 1901 312 the-

58 344 211 378 sauro
246 343 341 391 per
371 336 612 373 recenter
641 323 870 370 detectas
902 325 1154 373 Brasiliae
1183 338 1344 375 terras
1373 328 1566 378 e'fosso.
1621 332 1781 379 Sacc
1801 332 1901 379 ha-

57 413 194 444 rum
235 394 687 443 officinarum
731 391 948 439 Brasilia
988 409 1050 440 ex
1096 396 1261 443 insula
1308 397 1539 446 Madeira
1596 410 1746 446 nacta
1791 411 1897 455 est,

58 482 162 530 quo
200 480 225 510 a
254 466 317 511 D.
345 477 578 509 uexnico
601 458 915 524 Navigatore
948 462 1204 527 principe,
1247 481 1272 510 e
1314 466 1493 513 Sicilia
1523 469 1765 516 translata
1796 467 1899 515 fuit

58 535 270 593 (1422);
309 541 360 578 et
386 529 597 595 quidem
619 527 843 591 primum
878 546 903 574 a
932 546 1174 579 infirmo
1202 549 1440 583 Mirox‘so
1473 553 1540 582 DF.
1568 553 1751 593 soc—24,
1791 538 1904 584 Do·

57 600 261 648 natat-io
304 598 636 660 Capitanatus
680 596 730 643 S.
771 596 1018 644 Vincenti
1059 617 1194 646 anno
1254 602 1371 650 1532
1422 605 1474 650 in
1528 603 1733 653 fertiles
1784 621 1905 652 oras

60 669 124 717 ad
162 668 349 718 Villam
380 666 442 713 de
482 667 530 713 S.
569 665 794 713 Vicente
834 664 888 711 in
917 666 1188 728 provincia
1226 670 1276 718 S.
1320 672 1497 731 Pauli,
1539 684 1692 738 atque
1717 674 1907 721 eodem

60 749 301 801 tempore
339 753 364 781 a
396 749 694 782 FRANOESGO
733 749 978 781 Ronemo
1007 735 1088 781 vel
1121 734 1346 785 fortasse
1380 740 1480 804 jam
1520 754 1670 789 antea
1709 742 1758 789 in
1796 741 1907 791 Vit-

60 806 161 853 lam
206 806 256 853 S.
308 802 528 867 Georgii
577 802 632 848 in
676 802 898 866 regione
949 802 1123 851 Ilheos
1171 805 1450 869 plantatum
1511 821 1624 867 est,
1682 809 1818 857 unde
1855 812 1911 857 in

65 871 440 937 Soteropolin,
480 870 874 918 Pernamhucco
917 881 1014 918 etc.
1058 885 1320 937 portatum
1354 890 1446 924 est.
1580 880 1771 926 uamvis
1809 896 1911 927 ma-

62 944 198 990 xima
226 940 384 988 fuerit
415 951 532 986 ante
565 939 855 987 Amerinam
887 938 1145 989 detectam
1168 942 1221 988 in
1252 943 1513 993 fortunata
1535 948 1621 994 illa
1644 947 1911 997 Madeirae

63 1010 232 1059 insula
262 1008 495 1057 sacchar-i
524 1009 722 1071 paratio
758 1010 1064 1065 (secundum
1098 1028 1271 1060 nimios
1311 1029 1467 1061 FamA
1506 1033 1537 1062 E
1579 1033 1777 1063 casrno
1815 1018 1913 1063 Hi·

64 1078 223 1127 storia
257 1079 411 1126 Geral
449 1076 512 1123 de
549 1076 813 1142 Portugal‚
846 1076 988 1124 Lisb.
1029 1079 1111 1127 VI.
1152 1098 1200 1145 p.
1252 1082 1360 1139 1814.
1399 1100 1563 1131 annua
1594 1085 1780 1132 messis
1807 1087 1915 1133 cir-

65 1148 196 1196 citer
235 1146 513 1210 q‚()oo,ooo
554 1145 710 1192 libras
743 1145 998 1207 confecit)
1037 1165 1155 1196 mox
1191 1159 1362 1197 tamen
1404 1153 1666 1200 Lusitanis
1703 1170 1916 1218 persua-

67 1232 179 1263 sum
212 1226 320 1270 est,
363 1225 633 1279 postquam
668 1214 976 1261 arundinem
1006 1215 1057 1262 in
1088 1218 1366 1265 Brasiliam
1396 1221 1804 1278 transtulerunt,
1843 1223 1912 1273 de

66 1283 263 1346 majore
310 1283 460 1345 hujus
504 1293 679 1330 terrae
720 1282 1030 1342 fertilitate,
1088 1285 1425 1352 saccharique
1468 1291 1666 1337 cultura
1714 1293 1765 1337 in
1807 1295 1917 1338 Ma-

70 1353 216 1401 deira
257 1352 364 1397 vini
404 1351 565 1415 cultui
604 1353 767 1416 magis
808 1353 1078 1419 magisque
1124 1357 1402 1404 concessit.
1476 1359 1531 1405 In
1580 1359 1674 1406 hac
1731 1360 1916 1413 insula,

69 1424 205 1471 sicut
229 1420 281 1466 in
310 1420 492 1466 viridis
521 1420 875 1484 promontorii
904 1422 1088 1469 insulis
1130 1438 1181 1471 et
1211 1425 1265 1470 in
1300 1425 1466 1473 insula
1503 1429 1554 1475 S.
1593 1428 1824 1477 Tho-mae
1865 1429 1922 1476 in

73 1491 188 1537 sinu
216 1488 493 1554 guineensi
519 1524 529 1543 ‚
578 1489 668 1535 ubi
708 1489 948 1536 Lusitani
996 1491 1233 1545 sacch-ari
1282 1495 1590 1543 arundinem
1626 1497 1918 1554 coluerant,

72 1559 356 1623 diligenter
399 1574 510 1604 eam
555 1574 766 1611 curare,
836 1559 1060 1622 irrigare
1104 1564 1155 1609 et
1201 1572 1498 1611 stercorare
1540 1581 1758 1614 nece—se
1802 1566 1920 1622 suit,

70 1627 374 1691 ibidemque
416 1626 576 1673 multo
614 1626 885 1673 breviores
923 1629 1200 1676 arundines
1233 1631 1410 1696 adepti
1438 1646 1586 1692 sunt,
1629 1650 1685 1681 ac
1721 1652 1921 1700 agrum,

75 1712 229 1762 quem
257 1695 462 1741 demum
498 1694 549 1740 in
586 1695 812 1741 secundo
836 1712 967 1743 anno
1008 1698 1257 1746 desecare
1292 1712 1608 1764 potuerunt,
1651 1715 1768 1766 post
1799 1721 1924 1769 pau-

76 1782 162 1813 cas
199 1780 394 1810 messes
425 1763 727 1828 relinquere
761 1780 890 1827 opus
925 1777 1068 1826 erat3
1122 1778 1304 1815 contra
1352 1770 1401 1815 in
1447 1772 1672 1818 Brasilia
1717 1773 1769 1818 in
1806 1773 1924 1820 altis

74 1845 160 1882 aut
189 1831 469 1881 humilibus
512 1832 643 1878 locis
693 1832 827 1879 culta
863 1833 975 1880 sine
1023 1835 1235 1882 minima
1277 1836 1438 1901 opera
1484 1851 1601 1904 post
1647 1841 1929 1889 du‹›decim

72 1903 157 1951 vel
195 1900 671 1971 tredecizmmenses
704 1916 926 1948 messem
962 1902 1036 1950 eis
1073 1905 1364 1967 praestitit,
1402 1908 1640 1975 haecque
1673 1927 1769 1974 per
1805 1911 1929 1956 inul-

73 1981 156 2017 tos
185 1986 346 2017 annos
380 1969 677 2017 continuari
707 1969 895 2033 potuit.
970 1971 1118 2045 Quae
1168 1972 1399 2023 facilitas
1435 1975 1549 2025 fere
1593 1977 1929 2026 incredibilis

75 2038 310 2087 sacchari
353 2037 678 2102 producendi
721 2037 933 2095 effecit,
989 2051 1041 2086 ut
1083 2042 1280 2109 ubique
1330 2061 1537 2092 orarum
1579 2048 1934 2113 paulatimque

76 2107 229 2156 etiam
272 2106 326 2152 in
361 2117 500 2154 terra
529 2107 710 2153 intima
745 2106 977 2154 sacchari
1013 2108 1332 2158 fabricarum
1381 2114 1657 2163 multitudo
1691 2127 1804 2164 orta
1845 2118 1933 2163 sit.

75 2178 212 2224 Ante
248 2192 434 2222 annum
481 2175 606 2237 1589
640 2176 976 2240 Soteropolis
1027 2193 1143 2226 cum
1194 2178 1432 2231 finitimis
1481 2184 1795 2248 regionibus
1852 2202 1936 2234 se·

78 2244 301 2293 cundum
353 2243 645 2290 litterarum
685 2254 952 2292 auctorem
997 2244 1237 2310 ignotum
1283 2266 1437 2312 supra
1487 2264 1829 2300 memoratum
1866 2254 1932 2302 ad

79 2328 415 2361 cumsrovao
450 2329 521 2359 DE
555 2329 740 2359 :uonna
778 2314 853 2378 (p.
891 2312 1026 2374 131.)
1048 2314 1113 2364 36
1147 2315 1381 2366 sacchari
1414 2316 1641 2368 fabricas
1673 2322 1930 2386 possedit,

65 2381 214 2437 runde
251 2396 462 2437 ieo,ooo
502 2380 732 2428 Arrobas
775 2381 1009 2430 sacchari
1051 2386 1336 2450 quotannis
1376 2398 1650 2452 exportata
1697 2390 1930 2439 fuerunt.

77 2453 147 2499 Et
189 2451 242 2497 in
287 2447 522 2496 finitimis
576 2449 868 2513 provinciis
931 2448 1327 2512 Pernambuco,
1386 2451 1677 2522 Parahyha
1728 2470 1778 2506 et
1830 2457 1934 2507 Rio

82 2516 296 2566 Grande
331 2516 396 2564 do
436 2515 600 2564 Nor-te
638 2519 872 2566 sacchari
913 2521 1114 2571 cultura
1153 2540 1272 2571 mox
1310 2524 1569 2585 increvit,
1610 2542 1667 2574 ac
1703 2526 1929 2577 fabrica-

80 2587 158 2637 tio
193 2586 432 2651 inprimis
468 2602 568 2652 per
605 2589 826 2637 Batavos
860 2589 1045 2647 valuit,
1110 2592 1200 2659 qui
1233 2603 1427 2640 terram
1476 2608 1822 2662 expugnatam
1868 2599 1931 2647 ab

82 2661 216 2704 auno
255 2653 378 2703 1630
408 2671 572 2721 usque
609 2654 729 2703 1661
771 2666 1067 2706 tenuerunt.

219 2726 323 2772 Per
365 2724 801 2785 septentrionales
851 2727 1102 2775 Brasiliae
1143 2728 1442 2793 provincias
1488 2731 1780 2782 excolendo
1826 2749 1940 2784 sac·

80 2792 226 2840 chari
269 2789 482 2855 opificio
523 2792 693 2840 minus
737 2792 1026 2844 industriae
1069 2796 1366 2860 impensum
1424 2812 1517 2848 est.
1593 2804 1672 2849 Eo
1721 2803 1936 2869 quidem

73 2871 353 2926 tempore,
394 2877 498 2927 quo
531 2861 739 2920 Batavi,
780 2862 1001 2920 intrusi,
1043 2867 1469 2931 Maragnanensis
1509 2872 1813 2934 provinciae
1846 2872 1937 2919 im·

82 2931 290 2994 perium
330 2928 579 2977 tenebant
620 2929 702 2985 (ab
744 2947 879 2978 anno
929 2931 1054 2992 1637
1099 2933 1162 2992 ad
1211 2935 1364 2996 ὠμῇ)
1408 2935 1508 2999 jam
1557 2939 1791 3007 quinque
1837 2958 1937 3006 pro

83 2998 363 3064 coquendo
401 2997 646 3046 saccharo
685 2997 911 3047 fabricas
956 3001 1009 3047 in
1055 3001 1169 3067 ripa
1198 2999 1430 3052 fluminis
1469 3005 1741 3073 [capient-:i
1782 3010 1940 3057 exsti·

84 3067 214 3114 tisse
243 3066 490 3113 traditum
521 3077 627 3123 est,
681 3067 769 3114 sed
796 3069 1186 3118 recentioribus
1217 3074 1548 3134 temjoribus
1568 3113 1580 3133 ,
1630 3078 1752 3138 lic-et
1792 3078 1940 3139 inco·

87 3134 252 3182 larum
286 3151 531 3182 numerus
567 3135 758 3183 eximie
793 3137 1106 3196 increverit,
1151 3140 1299 3203 pauci
1331 3141 1453 3190 huic
1480 3144 1692 3210 opificio
1723 3162 1939 3210 operam

89 3202 382 3259 dederunt,
423 3220 527 3269 quo
552 3203 744 3252 factum
781 3216 889 3263 est,
931 3218 982 3253 ut
1019 3208 1253 3255 extranei
1290 3211 1525 3260 sacchari
1568 3215 1762 3278 largam
1805 3231 1942 3262 mes·

88 3287 200 3319 sem
238 3272 516 3337 quotannis
561 3275 830 3338 apportari
878 3290 1099 3323 necesse
1150 3277 1231 3324 sit.
1323 3280 1380 3326 In
1427 3282 1675 3330 Parae'nsi
1722 3282 1942 3346 provin-

89 3340 171 3387 cia
206 3339 432 3403 denique
460 3339 586 3387 item
627 3341 692 3389 de
738 3341 998 3399 saccharo
1024 3344 1332 3394 fabricando
1380 3349 1531 3412 pauci
1581 3344 1939 3400 tantummodo

91 3407 354 3473 agricolae
394 3418 644 3474 satagunt.
717 3409 926 3459 Summa
960 3428 1085 3463 vero
1117 3411 1271 3478 hujus
1306 3415 1633 3466 condimenti
1677 3419 1832 3483 copia
1887 3422 1942 3468 in

341 3494 374 3511 2
1062 3542 1071 3553 l
1237 3474 1367 3544 30*
