2100 3882
183 129 284 181 106
792 129 1142 179 GnAnnmnAss.
1216 127 1486 178 PAmcuM.

185 276 407 344 aphylla.
479 275 634 328 Folia
671 285 882 336 erecta,
923 277 1138 336 stricta,
1178 277 1447 344 digitalia‚
1486 276 2055 340 convoluto-setacea,

186 348 336 397 ac‘uta
355 382 368 406 ‚
404 347 615 415 glabra,
653 345 791 394 laete
819 345 1028 396 viridia.
1103 348 1263 414 Spica
1288 348 1582 398 terminalis
1607 357 1786 396 erecta
1817 358 1905 396 aut
1935 347 2058 397 sub-

187 432 411 478 cernua,
451 415 744 483 pollicaris.
815 415 1050 466 Rhachis
1083 417 1303 484 spiculis
1333 418 1640 485 angustior,
1678 415 1945 477 flexuosa,
1985 417 2059 465 al·

187 488 439 535 ternatim
491 487 773 535 semiteres
821 485 1100 554 alteroque
1159 488 1330 536 latere
1393 488 1734 536 canaliculata
1797 498 1955 554 atque
2003 486 2061 535 in

176 557 402 605 'dentem
439 554 652 604 articuli
691 554 926 617 elevata,
966 556 1175 623 glabra.
1226 557 1566 607 laeviuscula.
1644 556 1890 622 Spiculae
1932 555 2061 605 soli-

186 626 390 684 tariae,
453 626 720 684 alternae,
786 626 1029 687 (6-8)‚
1082 626 1370 686 distichae,
1429 628 1481 675 in
1502 626 1748 675 dentibus
1797 625 2060 676 rhacheos

191 695 436 755 ses-siles,
490 694 808 760 contiguae,
862 694 1425 764 obovato—oblongae.
1517 696 1738 746 Glumae
1781 696 1945 744 duae:
1984 696 2062 744 in-

187 764 361 814 ferior
409 761 467 831 13}
505 765 669 813 lineas
709 765 891 830 longa,
948 765 1199 824 linearis,
1252 766 1473 828 obtusa,
1530 765 1691 814 dorso
1735 766 2062 815 membrana-

191 852 283 885 cea
324 833 638 884 subenervis
684 834 1403 900 canaliculato-complicata
1427 872 1440 893 ,
1495 830 1662 884 nervo
1698 836 1951 903 utrinque
1987 836 2063 885 la-

185 903 345 953 terali
385 905 637 954 distincto
685 904 849 952 viridi
887 915 1100 964 notata,
1158 906 1517 973 lateribusque
1564 906 1690 955 hinc
1736 908 1902 972 magis
1936 904 2064 955 hcr-

185 973 367 1023 baceis
402 975 567 1024 dense
602 973 1084 1033 albicio-hirsutis,
1133 974 1358 1025 hirsutie
1393 986 1637 1041 patente3
1689 975 1863 1042 gluma
1906 992 2062 1042 supe-

184 1044 301 1094 rior
340 1043 659 1102 2-linearis‚
701 1043 962 1111 oblonga,
1002 1045 1355 1102 acutiuscula,
1399 1061 1662 1105 convexa,
1701 1046 1911 1110 pallida,
1942 1062 2064 1094 ner-

182 1114 266 1166 vis
300 1115 534 1183 quinque
586 1112 847 1162 viridibus
902 1113 1100 1175 divisa,
1167 1125 1282 1163 toto
1331 1113 1493 1163 dorso
1543 1116 1771 1172 hirsuta,
1831 1115 2060 1165 hirsutie

184 1195 383 1234 erecta.
459 1183 756 1233 vFlosculus
810 1182 1042 1233 inferior
1081 1195 1306 1244 neuter,
1362 1183 1649 1246 univalvis3
1697 1184 1903 1234 valvula
1945 1186 2063 1252 glu-

182 1271 321 1303 mam
353 1254 685 1321 superiorem
723 1269 955 1320 aequans
976 1290 990 1313 ‚
1031 1254 1098 1302 ad
1125 1254 1337 1303 modum
1372 1253 1654 1303 inferioris
1682 1254 1888 1320 glumae
1915 1271 2063 1304 com-

181 1322 829 1392 plicato-canaliculata‚
893 1322 1147 1382 linearis,
1204 1323 1420 1382 obtusa,
1474 1324 1680 1391 glabra,
1741 1324 1854 1373 solo
1905 1325 2057 1390 apice

180 1394 436 1463 utrinque
482 1393 624 1442 serie
671 1393 901 1458 pilorum
946 1393 1255 1442 strictorum
1306 1393 1545 1443 barbato.
1617 1394 1898 1443 Flosculus
1934 1395 2057 1443 her-

180 1464 545 1532 maphroditus
577 1464 767 1511 neutro
797 1462 954 1528 paulo
975 1461 1223 1525 brevior,
1259 1462 1539 1529 oblongus,
1569 1462 1763 1522 laevis,
1799 1465 2058 1529 pallidus3

181 1535 383 1586 valvula
417 1533 667 1582 inferiori
703 1548 942 1582 convexa
977 1544 1158 1590 acuta,
1198 1534 1469 1597 superiori
1499 1532 1737 1600 ejusdem
1768 1533 2058 1603 longitudi-

179 1605 266 1655 nis
291 1604 482 1654 obtusa
514 1602 846 1669 complicata.
922 1602 1176 1670 Stigmata
1215 1619 1504 1670 purpurea.

318 1689 544 1740 Habitat
596 1690 649 1739 in
707 1688 885 1758 pratis
928 1689 1209 1757 paludosis
1263 1690 1502 1758 regionis
1560 1687 1722 1740 Serra
1776 1690 1846 1739 da
1895 1688 2057 1757 Lapa

180 1761 356 1811 dictae
385 1779 545 1831 prou.
579 1757 891 1810 Μίηαναιη.
941 1768 1017 1822 ll...
1053 1763 1110 1820 (α
1139 1755 1499 1829 Langsdorff.
1530 1757 1701 1812 Herb.
1733 1760 1911 1812 Acad.
1949 1759 2058 1810 Im-

173 1831 371 1901 perial.
405 1829 706 1895 Petropol.)
754 1829 871 1880 Vde
898 1829 1161 1902 spiculum
1198 1839 1247 1880 et
1281 1833 1503 1880 iconem.

322 1921 613 1973 Observ.
686 1921 855 1988 Magis
891 1921 1047 1970 e-iam
1083 1920 1216 1970 haec
1237 1955 1253 1978 ,
1288 1937 1442 1989 quam
1472 1918 1797 1969 antecedens
1833 1920 2062 1986 species,

182 1992 486 2059 propinqua
527 1991 739 2041 videtur
785 1991 1037 2041 Panico
1092 1989 1524 2040 rottboellio
1546 1990 1644 2039 idi
1709 1990 1940 2041 Humb.
1993 2002 2060 2040 et

179 2062 323 2111 Run
341 2062 426 2110 th.
444 2098 457 2122 ‚
498 2062 589 2110 sed
620 2060 805 2110 differt
842 2062 1152 2111 evidenter:
1185 2060 1334 2109 foliis
1361 2059 1588 2128 glabris,
1629 2060 1773 2125 spica
1800 2059 2057 2119 breviori,

182 2130 376 2199 glumis
408 2131 719 2199 aequalibus
755 2130 1009 2193 hirsutis,
1050 2147 1226 2198 neque
1248 2129 1615 2198 inaequalibus
1642 2129 2060 2180 sericeo-ovillo-

182 2201 256 2250 sis
275 2238 288 2263 ‚
327 2199 552 2251 flosculo
589 2211 782 2250 neutro
813 2201 964 2268 apice
999 2201 1227 2252 hirsutie
1252 2200 1502 2262 barbato,
1555 2216 1657 2248 nec
1687 2217 1917 2266 superne
1939 2210 2056 2249 toto

177 2271 373 2323 villoso
390 2301 409 2310 ·
426 2271 658 2322 sericeo·

318 2360 562 2410 Adnot.
656 2358 808 2424 Anne
855 2357 989 2408 haec
1034 2356 1244 2424 species
1301 2356 1483 2424 potius
1530 2357 1762 2408 varietas
1804 2357 2060 2407 emaciata

184 2430 246 2478 P.
285 2447 361 2496 pa
382 2447 562 2497 ppop
584 2429 772 2487 hori,
812 2445 839 2476 a
872 2446 976 2496 quo
997 2427 1311 2496 pracsertim
1343 2425 1560 2477 differt:
1599 2428 1772 2476 culmo
1810 2427 2060 2495 simplici,

180 2498 331 2549 foliis
365 2499 528 2550 multo
563 2498 989 2568 angustioribus,
1028 2497 1459 2566 spicularumque
1494 2497 1668 2546 minus
1700 2499 1936 2565 regulari
1978 2497 2058 2546 in-

175 2578 503 2636 tegumento.

645 2745 868 2792 SECTIO
899 2745 986 2787 111.
1046 2743 1595 2789 PASPALOIDEA.

347 2874 568 2955 Spicae
627 2870 768 2946 (seu
830 2873 1147 2943 racemuli)
1218 2871 1641 2942 unilaterales,
1704 2872 1918 2931 breves
1962 2872 2057 2931 vel

182 2956 489 3037 simplices
502 2998 520 3027 ,
583 2956 678 3014 vel
722 2956 786 3013 in
825 2957 1038 3014 rhachi
1085 2954 1390 3013 communi
1435 2954 1733 3024 alternae,
1779 2954 2056 3011 inflores-

181 3039 445 3096 centiam
483 3038 888 3118 compositam
931 3037 1026 3096 vel
1071 3035 1554 3116 decompositam
1595 3035 2052 3094 constituentes.

179 3119 450 3177 Rhachis
504 3119 757 3199 propria
824 3132 1096 3197 angusta.
1207 3117 1491 3197 Spiculae
1564 3115 2051 3185 subimhrlcatae,

179 3201 450 3279 geminae
507 3200 601 3257 vel
665 3200 967 3269 alternae,
1040 3199 1105 3257 in
1162 3198 1451 3256 inferiore
1511 3197 1808 3256 rhacheos
1864 3197 2052 3254 latere

179 3281 475 3340 distichae
533 3280 630 3338 vel
681 3281 1092 3339 tetrastichae.
1181 3280 1401 3338 Gluma
1443 3279 1696 3336 inferior
1739 3278 2051 3358 superiore

175 3361 447 3432 brevior,
514 3375 576 3420 at
613 3362 734 3420 lata
777 3376 960 3442 atque
1025 3361 1392 3442 conspicua,
1440 3381 1578 3418 raro
1624 3359 2045 3438 subaequalis,

178 3444 457 3523 superior
518 3443 581 3500 in
642 3442 1004 3524 quibusdam
1042 3443 1177 3525 ipsa
1218 3441 1491 3501 flosculis
1531 3441 1793 3500 brevior.
1879 3439 2050 3498 Flos·

181 3525 350 3583 culus
393 3524 650 3583 inferior
692 3524 990 3583 masculus
1032 3525 1127 3584 vel
1170 3538 1424 3594 neuter,
1486 3522 1739 3582 bivalvis
1782 3521 2050 3579 rariusve
