2100 3882
157 136 260 195 176
278 191 279 194 ,
765 134 1117 188 Geminus.
1189 135 1461 188 PAmctm.

301 287 474 340 Radix
523 285 855 346 fasciculata,
905 285 1076 347 fulva,
1114 286 1312 349 valida,
1351 285 1535 336 odora.
1609 283 1782 336 Culmi
1812 283 2031 351 pedales

166 372 220 412 et
250 360 411 420 ultra,
451 359 612 406 dense
646 355 969 422 caespitosi,
1009 356 1267 422 graciles,
1324 355 1440 404 basi
1482 353 1694 404 bulbosi
1737 366 1790 405 et
1826 353 2033 422 vaginis

166 427 584 480 membranaceis
614 425 745 474 laxis
789 424 1045 474 subulatis
1089 426 1302 492 pallidis
1345 425 1558 482 vestiti,
1615 425 1678 473 ad
1731 423 2033 490 paniculam

162 501 281 550 fere
304 497 517 557 foliosi,
556 496 712 545 nodis
743 494 980 563 quinque
1012 494 1178 544 fuscis
1216 493 1476 561 praediti,
1517 493 1666 542 valde
1712 492 2030 559 compressi,

167 568 368 637 glabri,
414 566 613 623 striati,
671 564 766 613 sub
807 565 1052 629 panicula
1088 565 1213 613 hinc
1260 563 1611 613 canaliculati.
1683 563 1919 630 Vaginae
1958 563 2034 610 la-

163 656 292 697 xae,
334 652 702 701 compressae,
742 634 991 693 striatae,
1029 633 1415 702 ghhcrrimae,
1454 632 1604 700 apice
1643 633 1897 702 utrinque
1931 649 2037 680 ma-

163 707 283 758 cula
314 704 628 772 triangulari
654 704 803 753 fusca
836 715 1076 760 notatae,
1128 703 1431 752 internodia
1470 713 1773 770 aequantes.
1802 699 1806 703 ’
1845 700 2038 768 Ligula

163 787 435 835 truncata,
477 774 826 833 denticulata,
864 774 990 840 pilis
1019 774 1221 840 aliquot
1246 773 1422 841 longis
1463 772 1593 820 albis
1623 784 1811 824 notata.
1879 769 2036 820 Folia

163 847 416 905 linearia,
468 844 790 902 acuminata,
839 843 1018 911 glabra
1067 855 1119 891 et
1162 843 1358 900 laevia,
1397 842 1625 908 pollices
1661 840 1822 902 4—-6
1855 839 2033 907 longa,

162 917 335 966 lineas
365 914 523 963 2-3
562 915 663 962 lata
694 913 892 963 striata.
971 912 1220 961 Panicula
1247 927 1518 961 racemosa
1548 923 1727 961 erecta
1753 947 1766 970 ‚
1811 909 2038 975 pollices

163 988 328 1048 14-5
371 984 560 1051 longa,
618 982 801 1032 rhachi
852 995 903 1031 et
940 982 1100 1031 ramis
1154 998 1384 1046 superne
1436 981 1742 1049 triquetriS,
1815 979 2035 1047 glabris,

165 1057 256 1106 vix
317 1055 710 1104 scabriusculis.
783 1052 938 1101 Rami
980 1051 1200 1108 alterni,
1257 1051 1540 1108 distantes,
1595 1062 1820 1099 erecto·
1848 1048 2036 1116 patuli,

165 1125 284 1175 basi
306 1125 466 1185 nudi,
518 1124 609 1172 ubi
639 1124 948 1172 inseruntur
986 1121 1185 1169 macula
1221 1121 1382 1170 lutea.
1454 1120 1662 1168 Ramuli
1687 1120 1908 1179 breves,
1949 1135 2039 1185 ap·

164 1195 489 1262 proximati,
529 1193 800 1259 appressi,
855 1191 1163 1257 capillares,
1204 1189 1412 1247 scabri,
1450 1189 1772 1238 racemulum
1806 1188 2039 1237 formant

164 1265 483 1332 pedunculis
531 1260 866 1311 bi-trissoris
915 1260 1137 1327 spiculis
1181 1258 1542 1308 brevioribus.
1633 1258 1879 1324 Spiculae
1918 1275 2039 1323 par-

164 1352 262 1384 vae
287 1371 299 1394 ,
341 1332 979 1400 oblongo-lanceolatae,
1036 1341 1254 1387 acutae,
1294 1329 1496 1385 laeves,
1537 1328 1777 1395 glabrae,
1818 1327 2037 1384 virides,

165 1405 336 1453 altero
384 1406 551 1452 latere
596 1412 1064 1468 purpurascentes.
1153 1399 1374 1449 Glumae
1421 1399 1755 1465 inaequales:
1806 1396 2040 1446 inferior

166 1475 373 1534 minor,
438 1485 616 1532 ovata,
679 1471 1068 1529 obtusiuscula‚
1130 1470 1414 1529 trinervis;
1481 1469 1728 1532 superior
1784 1465 2032 1532 oblonga,

168 1555 346 1600 acuta,
388 1543 825 1611 quinquenerviS.
897 1540 1129 1589 Inferior
1156 1539 1397 1588 neutrius
1426 1536 1636 1586 flosculi
1675 1537 1878 1587 valvula
1912 1534 2039 1585 huic

167 1613 406 1682 aequalis
460 1624 513 1661 et
565 1613 786 1672 similis,
843 1610 1291 1679 quinquenervi53
1345 1610 1595 1672 superior
1642 1608 1819 1673 plana,
1872 1617 2038 1664 acuta,

165 1681 584 1733 membranacea.
657 1684 936 1732 Flosculus
969 1678 1435 1746 hermaphroditus
1481 1689 1674 1734 neutro
1718 1676 1926 1734 minor,
1967 1674 2044 1724 el-

172 1753 420 1820 lipticus,
463 1764 675 1813 acutuS,
727 1752 781 1800 in
818 1751 995 1799 fructu
1029 1748 1447 1808 obtusiusculus,
1498 1747 1752 1814 pallidus,
1810 1744 2047 1795 subtilis·

171 1824 306 1874 sime
341 1823 686 1872 transversim
714 1822 957 1871 undatus.

317 1928 542 1978 Habitat
599 1927 651 1976 in
708 1927 884 1995 pratis
942 1925 1059 1975 udis
1115 1924 1186 1974 ad
1233 1923 1478 1974 Joazeiro
1531 1932 1581 1973 et
1623 1940 1806 1972 versus
1861 1919 2046 1970 urbem

177 1999 366 2050 Oeiras
388 1997 700 2066 provinciae
729 1996 1011 2046 &ulciensis
1039 2004 1089 2045 et
1122 1994 1488 2058 Piauhiensis5
1525 2024 1592 2031 -
1625 1993 1696 2041 ad
1721 1990 1922 2040 slffonte
1959 1989 2045 2040 Vi·

175 2070 272 2119 deo
314 2079 361 2118 et
400 2069 453 2117 in
488 2062 789 2131 confinibus
822 2067 999 2135 Regni
1032 2064 1431 2133 Paraguayani
1471 2062 1602 2131 legit
1629 2061 1845 2112 Sellow.
1885 2058 2046 2125 (Vidi

177 2140 233 2190 in
276 2138 439 2188 Herb.
474 2137 608 2206 Reg.
643 2136 860 2203 Berol.)
935 2134 1119 2186 Hor-et
1146 2134 1349 2204 Aprili.
1425 2140 1508 2199 Ἃ..

317 2265 610 2317 Observ.
682 2265 1013 2314 Panicum
1063 2262 1450 2313 coloratum
1500 2262 1796 2309 Hortorum
1835 2257 1898 2307 ab
1945 2256 2050 2307 hoc

177 2336 392 2386 nonnisi
418 2333 663 2401 panicula
688 2335 856 2402 magis
895 2345 1144 2399 patente,
1184 2331 1402 2381 ramulis
1441 2328 1701 2394 elongatis
1734 2329 1847 2377 laxe
1891 2325 2055 2375 diffu-

177 2407 250 2456 sis
286 2406 615 2472 spiculisque
655 2405 811 2471 paulo
851 2403 1140 2468 majoribus
1179 2401 1382 2451 differt.
1420 2429 1489 2437 —
1526 2402 1605 2449 An
1643 2415 1706 2447 ex
1735 2398 1834 2446 hac
1869 2396 2054 2461 specie

177 2477 383 2526 cultura
428 2474 635 2524 ortum?
676 2503 741 2512 —
793 2474 1027 2523 maculae
1072 2470 1237 2522 flavae
1287 2471 1348 2519 ad
1386 2469 1738 2518 insertionem
1782 2483 2052 2516 ramorum

176 2545 455 2613 paniculae
487 2545 810 2610 perstitere,
864 2554 1162 2610 congruunt
1203 2541 1439 2608 reliqua,
1493 2537 1584 2588 sed
1626 2538 1874 2604 vaginae,
1915 2552 2050 2602 quae

177 2617 235 2664 in
264 2627 443 2664 nostra
472 2615 666 2675 laeveS,
704 2615 758 2662 in
792 2613 886 2662 illo
929 2614 1071 2662 culto
1106 2612 1225 2679 plus
1256 2611 1492 2659 minusve
1536 2607 1733 2674 pilosae
1757 2605 1839 2656 vel
1868 2606 2051 2654 tuber-

178 2685 408 2735 culosae.
446 2716 513 2724 -—
554 2685 871 2734 Panicum
911 2682 1374 2749 gongylodes,
1412 2679 1599 2744 Jacq.
1637 2676 1770 2725 Ecl.
1819 2692 1913 2742 gr.
1953 2677 2046 2724 111.

178 2765 218 2802 t.
257 2771 336 2802 εει.
378 2753 472 2812 (ef.
511 2755 726 2818 supra),
778 2757 953 2821 quoad
1001 2755 1060 2801 P.
1103 2749 1515 2800 altissimum
1552 2748 1622 2794 H.
1660 2744 1924 2812 Monspel.
1963 2745 2051 2804 al„

181 2823 414 2873 medium
450 2835 530 2872 est
560 2825 700 2873 inter
722 2823 825 2871 hoc
861 2834 914 2871 et
948 2824 1011 2871 P.
1051 2820 1400 2870 maximum
1438 2819 1624 2882 Jacq.

328 2929 558 2979 Adnot.
610 2931 930 2979 Panicum
965 2926 1251 2977 auritum
1280 2923 1518 2982 Presl.,
1552 2919 1752 2970 Herb.
1784 2918 2050 2978 Haenk.,

180 3010 400 3118 ἒοξῑτο,
453 3001 772 3066 praesertim
803 2997 1028 3066 juvenili
1065 2996 1178 3063 ejus
1227 3005 1432 3055 aetate,
1481 2991 1809 3041 simillimum
1849 2989 1926 3040 sic
1964 2989 2055 3039 de·

221 3086 423 3118 ΠΠΠΠδῖ

323 3177 648 3225 Panicum
702 3175 991 3224 auritum
1037 3172 1290 3222 Presl.:
1337 3168 1613 3236 paniculae
1658 3163 2056 3231 decompositae

185 3256 489 3295 contractae
526 3247 686 3293 ramis
721 3244 944 3293 alternis
974 3240 1355 3309 approximatis
1397 3237 1720 3298 racemosus»,
1772 3233 2056 3284 racemulis

181 3314 442 3366 confertis
485 3315 764 3370 brevibus,
820 3314 1037 3378 spiculis
1072 3308 1671 3377 oblongo-lanceolatis
1707 3303 2053 3372 subgeminis‚

178 3384 371 3453 glumis
401 3385 767 3451 inaequalibus
803 3383 1035 3450 glabris,
1084 3381 1305 3431 flosculo
1344 3390 1535 3427 neutro
1583 3375 1816 3432 bivalvi,
1870 3371 2057 3423 culmis

179 3455 509 3519 simplicibus
544 3456 899 3519 compressis,
940 3452 1145 3517 vaginis
1175 3448 1414 3516 margine
1445 3446 1670 3507 ciliatis,
1703 3444 1854 3497 foliis
1886 3459 1915 3494 e
1939 3441 2056 3492 basi

179 3524 396 3576 cordata
428 3522 1069 3574 lanceolam-linearibus
1102 3518 1380 3588 elongatis.
