2100 3882
589 183 933 232 GnsmeAE.
1008 186 1390 233 Tmcmcmm.
1844 190 1911 242 89

57 341 322 394 superque
376 346 402 376 a
456 327 598 376 binis
649 329 1090 395 praecedentibus
1143 333 1519 398 distinguitur,
1587 353 1612 383 a
1660 347 1915 401 sequente

51 407 223 446 autem
258 408 476 464 praeter
512 397 641 447 haec
680 399 837 447 etiam
876 400 1093 466 spiculis
1132 403 1542 467 angustioribus.

473 586 513 633 a.
563 595 1048 631 'rRICHAcHNE
1110 599 1395 635 TENUIS.
1445 589 1473 638 †

190 729 281 774 Tr.
320 725 544 774 racemis
582 726 890 790 partialibus
929 728 1108 792 paucis
1147 726 1360 789 (3—6)
1401 728 1916 795 appressis‚'spicu-

59 793 124 843 lis
163 794 464 844 lanceolatis
519 796 783 859 perlicello
835 798 1067 863 longiori
1118 796 1486 851 brevioribus,
1535 800 1726 866 glumis
1754 800 1917 848 dense

57 865 291 922 villosis,
342 862 486 913 soliis
526 865 818 914 linearibus
855 884 1009 932 supra
1044 867 1585 931 pubescenti-scabris
1619 869 1799 917 subtus
1833 886 1919 918 va·

57 934 304 1000 ginisque
353 933 618 995 laevibus,
694 935 857 1002 ligula
903 947 1049 985 ovata
1112 937 1466 998 acutiuscula,
1528 940 1699 988 culmo
1744 955 1919 988 ramo-

45 1020 270 1051 sismmo.

197 1118 366 1167 Radix
423 1136 451 1168 e
500 1118 647 1168 fibris
690 1119 827 1168 haud
859 1119 927 1167 ita
967 1120 1141 1167 multis
1179 1117 1431 1169 flexuosis
1471 1120 1916 1186 sulisimplicibu8‚

62 1188 389 1255 lanuginosis
427 1190 637 1254 pallidis
677 1201 954 1247 constans,
1012 1191 1304 1237 culmorum
1358 1190 1574 1238 densum
1633 1191 1921 1256 caespitem

62 1258 249 1324 gignit,
326 1259 497 1307 Culmi
547 1260 895 1324 semipedales
944 1260 1028 1307 vel
1065 1260 1129 1307 acl
1162 1277 1417 1306 summum
1442 1260 1690 1324 pedales,
1733 1260 1923 1308 crassi-

57 1329 130 1376 tie
167 1326 241 1375 fili
279 1327 431 1377 lintei
471 1328 739 1386 fortioriS,
781 1329 931 1395 apice
971 1328 1327 1395 pergraciles,
1367 1329 1917 1395 fastigiato-ramosi,

62 1398 397 1456 subal-enati,
449 1399 509 1446 ad
562 1399 803 1463 genicula
849 1399 1498 1459 infracti,teretiusculi,
1540 1400 1749 1458 laeves,
1789 1409 1922 1446 sti-a-

61 1467 252 1525 mim-i,
293 1466 429 1515 insra
468 1470 696 1516 medium
738 1467 1089 1535 quadrinodes
1141 1468 1450 1536 vaginisque
1500 1469 1698 1517 ibidem
1743 1467 1923 1517 vestiti

62 1537 265 1603 apicem
321 1554 500 1585 versus
551 1540 709 1604 longo
761 1549 929 1585 tractu
981 1537 1177 1585 enodes
1229 1550 1282 1586 et
1334 1538 1480 1587 nudi.
1564 1539 1716 1587 Basis
1762 1537 1923 1587 culmi

63 1607 281 1654 lmlbosa
319 1608 499 1672 vagina
541 1626 636 1654 una
678 1609 905 1655 alterave
956 1606 1157 1672 apliylla
1208 1618 1449 1658 truncata
1494 1608 1803 1676 lanuginosa
1844 1607 1922 1655 in-

59 1676 305 1726 volvitur.
382 1678 613 1743 vaginae
668 1676 985 1725 internodiis
1037 1676 1343 1743 longiores,
1419 1677 1626 1741 (infimo
1677 1679 1921 1726 interno-

66 1748 154 1796 dio
195 1763 380 1811 saepe,
422 1765 622 1795 summo
662 1764 873 1812 semper
913 1746 1213 1806 breviores)
1254 1749 1600 1805 convolutae,
1659 1747 1751 1796 ubi
1788 1745 1923 1796 rami

65 1818 310 1865 oriuntur
369 1816 708 1865 dehiscentes
760 1827 812 1864 et
862 1832 1226 1881 compressae,
1277 1818 1487 1878 laeves,
1545 1817 1785 1885 glabrae,
1825 1833 1922 1867 ore

61 1887 220 1952 longe
260 1886 521 1935 barbatae.
597 1887 782 1951 Ligula
820 1897 1055 1941 exserta,
1107 1886 1534 1945 membranacea,
1586 1887 1922 1946 acutiuscula,

61 1973 219 2022 saepe
255 1957 444 2005 lacera.
494 1957 639 2005 Folia
680 1955 850 2004 media
887 1955 1254 2021 hipollicaria,
1295 1958 1485 2005 lineam
1524 1957 1659 2019 lata3
1699 1956 1926 2005 inferio-

61 2044 120 2074 ra
160 2036 210 2073 et
245 2043 496 2073 summum
536 2026 786 2090 pollicem
827 2025 1101 2073 dimidium
1153 2026 1216 2079 ad
1261 2045 1417 2074 unum
1465 2027 1718 2092 pollicem
1766 2027 1925 2093 longa

58 2095 305 2163 lineaque
354 2098 689 2162 angustiora3
747 2095 919 2143 omnia
974 2097 1240 2160 patentia,
1291 2097 1543 2155 linearia,
1608 2097 1920 2158 acuminata,

61 2165 244 2230 plana,
286 2183 438 2231 supra
478 2164 1230 2230 pubescenti·scabriuscula,
1271 2165 1668 2226 sulituslaevia,
1709 2169 1923 2215 inmar-

62 2235 184 2299 gine
224 2236 566 2300 cartilagineo
608 2233 1193 2299 subundulato-aspera
1245 2246 1298 2284 et
1348 2236 1494 2284 basin
1537 2254 1717 2285 versus
1756 2237 1924 2284 inter-

59 2306 180 2352 dum
221 2305 342 2368 pilis
380 2306 579 2370 aliquot
617 2304 809 2359 ciliata,
858 2305 1106 2370 utrinque
1145 2306 1445 2353 concolora.
1519 2309 1778 2354 Racemus
1815 2315 1924 2353 ter·

65 2374 274 2420 minalis
314 2373 532 2422 circiter
572 2374 700 2420 duos
739 2372 799 2419 ad
836 2384 944 2420 tres
984 2375 1206 2438 pollices
1246 2375 1462 2440 longus,
1504 2375 1922 2442 subl'astigiatus,

64 2442 381 2491 contractus.
454 2442 682 2490 Blzacliis
715 2444 1006 2490 communis
1044 2443 1255 2491 inferne
1280 2446 1650 2503 teretiuscula,
1693 2461 1923 2509 superne

64 2512 301 2578 angulata
351 2522 405 2560 et
455 2511 720 2571 flexuosa,
761 2512 940 2559 lactis.
1014 2513 1227 2561 Racemi
1266 2515 1516 2578 partiales
1559 2525 1670 2562 tres
1710 2515 1772 2563 ad
1813 2530 1924 2573 sex,

69 2581 291 2636 alterni,
345 2581 737 2646 approximati,
789 2580 1109 2641 biunciales,
1160 2601 1185 2629 a
1239 2582 1354 2631 basi
1402 2582 1674 2651 florigeri3
1737 2583 1922 2632 rhachi

64 2651 248 2716 gracili
288 2652 496 2715 trigona
534 2649 763 2697 flexuosa
802 2651 864 2697 ad
904 2654 1118 2717 angulos
1157 2652 1359 2701 scabra.
1435 2655 1683 2719 Spiculae
1709 2653 1924 2703 lanceo-

63 2720 226 2775 latae,
267 2719 606 2778 imbricatae,
657 2720 830 2767 demta
868 2719 981 2768 lana
1020 2722 1158 2770 linea
1197 2722 1354 2787 paulo
1392 2723 1698 2790 longiores,
1739 2724 1792 2770 in
1830 2739 1925 2789 pe-

67 2789 260 2837 dicello
311 2789 500 2837 lineam
550 2806 702 2836 unam
755 2806 870 2836 cum
922 2792 1074 2841 tertia
1127 2793 1299 2849 lineae
1341 2806 1488 2858 parte
1526 2793 1769 2842 metienti
1805 2809 1924 2859 gra-

68 2860 157 2906 cili
200 2859 469 2924 geminae,
523 2860 683 2906 altera
735 2858 799 2906 ad
851 2860 999 2907 basin
1055 2864 1170 2910 l'erc
1209 2862 1378 2926 posita
1418 2861 1734 2911 brevissime
1770 2861 1925 2927 pedi-

67 2929 268 2976 cellata.
344 2928 529 2978 Gluma
569 2927 797 2975 inse-rior
823 2927 1164 2990 brevissima,
1207 2933 1735 2992 ovato-lanceolata,
1775 2942 1925 2980 acuta

68 2998 148 3045 rel
190 2997 343 3045 etiam
382 3008 651 3056 truncata,
690 2997 993 3058 uninervis,
1045 3003 1254 3066 glabra3
1312 3004 1559 3069 superior
1595 3001 1929 3068 longitudine

70 3064 275 3114 flosculi
327 3067 548 3125 sei-tilis,
614 3067 934 3128 lanceolata,
988 3084 1168 3131 acuta,
1217 3072 1502 3132 tiinerviS,
1554 3073 1714 3120 dorso
1763 3071 1925 3120 dense

71 3137 550 3196 augenteo-lanata.
622 3136 858 3184 Floseuli
902 3142 1142 3189 neutrius
1194 3142 1394 3190 valvula
1446 3142 1678 3190 fertilem
1730 3139 1924 3190 ssoscu-

68 3203 172 3250 lum
225 3205 488 3268 paululum
544 3207 840 3266 excedens,
896 3210 1207 3270 lanceolata,
1275 3223 1452 3270 acuta,
1514 3212 1752 3260 olisolete
1801 3227 1921 3274 sep·

64 3274 389 3334 temnervis,
442 3275 711 3341 margine,
762 3279 1076 3341 praesertim
1116 3280 1323 3344 apicem
1361 3300 1576 3341 versus,
1614 3285 1726 3331 lana
1765 3280 1923 3343 longa

64 3354 312 3407 argentea
361 3345 552 3391 vestita
590 3356 642 3391 et
677 3345 730 3391 in
770 3346 930 3397 dorso
969 3349 1110 3398 inter
1147 3368 1366 3400 nervum
1405 3352 1690 3401 secundum
1728 3360 1780 3400 ct
1814 3358 1924 3396 ter-

63 3411 196 3457 tium
236 3411 373 3459 linea
410 3416 917 3479 argenteo-sericea
954 3429 1160 3481 not-ata,
1214 3420 1408 3471 coloris
1446 3421 1699 3470 subfusci.
1771 3417 1923 3466 Flos-

60 3480 207 3528 culus
244 3480 438 3530 fertilis
477 3485 823 3546 lanceolatus,
863 3487 1187 3539 acuminatus
1211 3527 1224 3551 ,
1263 3490 1462 3554 laevis,
1499 3491 1741 3559 pallidus.
1805 3479 1933 3539 Re-'

56 3548 199 3616 liqua
237 3551 468 3616 generis,
