2100 3882
666 97 1016 144 GRAMfflEAfi.
1091 96 1381 146 PAsrALUS.
1899 103 1965 154 19

97 240 551 310 angustifolio
587 241 714 292 nob.
751 258 965 302 rursus,
1021 240 1108 294 vel
1145 243 1419 295 varietatis
1458 244 1606 304 lusu,
1666 244 1751 296 vel
1796 247 1965 314 magis

97 322 405 362 constanter
452 311 785 378 maximeque
827 310 943 361 'tum
973 327 1101 362 vero
1131 322 1360 363 retracta
1389 324 1442 362 et
1470 324 1741 374 truncata,
1779 332 1966 364 recur-

92 398 238 431 rens.
311 383 496 429 Restat
530 381 708 447 itaque
743 380 852 428 sola
883 380 1046 428 altera
1080 381 1282 447 gluma,
1339 400 1432 432 seu
1463 383 1744 448 superior,
1797 401 1964 453 eaque

94 450 282 515 solitae
312 449 524 516 quidem
556 460 880 508 structurae,
930 450 1331 500 membranacea
1352 489 1364 513 ‚
1416 454 1533 517 plus
1563 453 1804 503 minusve
1842 471 1966 503 ner-

92 537 248 578 vosa,
288 522 602 587 plerumque
643 535 901 578 convexa,
954 518 1246 585 rhachique
1277 520 1524 585 adversa,
1578 523 1759 589 (quam
1787 533 1966 571 notam

95 588 457 654 Flfiggius,
529 589 663 635 lianc
697 588 925 653 glumam
963 588 1281 637 inferiorem
1324 608 1509 640 revera
1553 608 1668 640 esse
1718 591 1960 657 opinanS,

93 657 452 707 characterem
495 657 833 705 essentialem
871 658 1053 721 posuit
1095 659 1341 724 generis3
1409 674 1556 710 recte
1600 661 1846 729 quidem,
1887 673 1964 709 ta-

89 728 248 776 metsi
281 727 408 775 falsa
438 727 644 776 ratione
678 726 856 789 usus),
897 727 1069 776 rarius
1102 737 1306 783 tamen,
1361 740 1417 776 ut
1451 749 1606 796 supra
1648 730 1965 779 memoravi-

88 814 203 845 mus
244 797 431 855 etiam,
477 797 709 845 exterius
752 796 940 862 posita.
1043 796 1264 847 Valvula
1299 794 1505 847 flosculi
1542 799 1821 849 inferioris
1855 800 1965 848 sive

91 867 353 925 neutrius,
388 877 574 931 utpote
606 883 737 932 quae
769 883 981 930 semper
1010 865 1216 931 glumae
1238 865 1826 918 inferioriPanicorum
1854 886 1970 918 res·

88 936 346 1000 pendeat,
387 935 661 1001 (respectu
689 934 946 984 rhacheos
980 936 1215 984 exterius
1248 937 1467 1001 posita),
1508 954 1648 985 nunc
1676 955 1775 1003 pro
1811 955 1969 1004 supe·

87 1004 224 1053 riori
254 1005 481 1052 inservit
505 1006 695 1071 gluma,
739 1016 792 1052 et
818 1005 1050 1070 spicula,
1091 1004 1154 1052 ad
1186 1005 1421 1069 speciem
1449 1005 1702 1067 unissora‚
1740 1007 1969 1073 biglumi

91 1074 320 1140 gaudere
351 1073 561 1121 videtur
593 1076 787 1136 calyce.
868 1077 1014 1122 Haec
1054 1085 1225 1122 autem
1259 1077 1580 1138 permutatio
1613 1075 1856 1125 locorum
1893 1087 1970 1125 at-

91 1160 193 1210 que
229 1142 634 1210 significationis
670 1143 927 1208 partium,
984 1143 1139 1192 sicuti
1173 1144 1225 1190 in
1256 1145 1511 1192 Panico
1547 1146 1773 1194 maxime
1808 1163 1969 1211 appa-

87 1213 225 1265 ruit,
279 1213 368 1260 uhi
402 1214 666 1278 spiculae,
717 1212 781 1259 'in
812 1212 997 1260 rhachi
1029 1213 1220 1261 latiore
1257 1214 1472 1262 sessiles
1503 1215 1589 1263 vel
1619 1214 1771 1263 brevi
1813 1214 1965 1280 pedi-

90 1281 229 1330 cello
264 1282 503 1338 innixae,
554 1283 617 1329 ad
644 1299 803 1328 unum
832 1281 966 1331 latus
995 1282 1344 1347 rejiciuntur,
1399 1300 1447 1332 v.
1492 1299 1536 1331 c.
1586 1284 1640 1331 in
1681 1286 1741 1332 P.
1774 1284 1968 1350 Digi-

91 1351 288 1399 tariis
328 1363 379 1399 et
416 1351 928 1417 paspaloideis,
971 1352 1047 1399 sic
1077 1352 1237 1400 etiam
1269 1351 1325 1400 in
1359 1352 1462 1402 isto
1492 1370 1687 1419 genere
1715 1353 1970 1418 conjunc-

89 1431 144 1468 ta
180 1431 260 1468 est
292 1436 409 1468 cum
445 1419 837 1468 infloresceniia
868 1421 1171 1469 unilaterali
1220 1422 1301 1469 vel
1344 1438 1692 1471 racemosa
1729 1423 1971 1471 tetrasti-

98 1489 209 1550 cha,
249 1507 408 1556 quum
437 1489 732 1554 pedit-ellus
768 1489 858 1538 ille
890 1489 1134 1550 historus,
1172 1490 1385 1540 Panicis
1417 1492 1657 1558 propriis
1686 1491 1854 1541 adhuc
1884 1509 1972 1541 re-

93 1559 273 1608 siduus
323 1560 379 1606 in
419 1559 603 1607 rhachi
647 1559 912 1619 cernitur,
997 1560 1083 1608 vel
1129 1560 1396 1626 spicata
1448 1574 1500 1610 et
1543 1578 1602 1610 ea
1650 1562 1969 1627 plerumque

93 1629 347 1687 disticha,
406 1629 497 1678 ubi
527 1628 777 1693 p‘edicelli
808 1629 863 1676 in
899 1628 1158 1678 rhacheos
1204 1631 1434 1678 carinam
1477 1631 1579 1680 toti
1609 1629 1737 1679 fere
1767 1630 1973 1681 conflu-

92 1709 214 1755 unt,
254 1715 428 1764 neque
463 1699 684 1763 amplius
710 1698 871 1746 liberi
902 1699 1226 1763 prominent.
1303 1700 1583 1748 'I'ransitus
1615 1712 1791 1749 autem
1825 1700 1968 1766 ejus-

91 1767 234 1816 modi
264 1767 367 1816 hoc
398 1769 452 1815 in
484 1784 683 1834 genere
711 1768 993 1817 continuus
1025 1767 1141 1817 fere
1177 1779 1352 1834 potest
1383 1771 1758 1821 demonstrari.
1830 1772 1971 1820 Con-

93 1849 174 1886 tra
205 1836 335 1885 haec
373 1855 499 1887 vero
538 1837 860 1903 panicula
892 1855 999 1887 non
1035 1837 1343 1904 perficitur,
1397 1839 1464 1887 ob
1500 1840 1728 1888 solutam
1765 1840 1966 1900 subito,

93 1917 254 1971 puto,
296 1923 414 1954 cum
443 1906 619 1972 primo
654 1906 706 1954 in
738 1905 926 1956 florem
957 1908 1077 1956 nisu
1108 1926 1316 1956 omnem
1351 1909 1632 1974 vegetandi
1668 1910 1776 1959 vim
1809 1921 1860 1958 et
1895 1909 1974 1957 fa-

94 1976 372 2036 cultatem,
414 1994 518 2044 quo
546 1974 622 2033 fit,
662 1987 718 2024 ut
742 1977 1015 2042 paniculae
1042 1978 1176 2025 rami
1203 1989 1362 2045 atque
1390 1979 1579 2026 ramuli
1604 1980 1658 2027 in
1686 1996 1791 2027 uno
1818 1977 1970 2045 quasi

91 2062 255 2094 nervo
298 2045 380 2095 vel
413 2047 518 2094 reti
551 2045 667 2115 folii
699 2045 1010 2112 (phyllodii)
1044 2048 1448 2113 extinguantur3
1500 2060 1847 2097 concrescant
1878 2065 1973 2113 pe·

94 2114 279 2164 dicelli
309 2126 360 2163 et
393 2117 738 2164 decurrentes
770 2116 826 2163 in
852 2115 1074 2165 rhachin
1104 2117 1335 2184 denique
1369 2117 1553 2167 oculos
1585 2119 1659 2165 ita
1690 2117 1970 2183 effugiant,

95 2196 152 2232 ut
184 2183 372 2233 deesse
404 2185 698 2236 videantur.
775 2186 981 2262 Quibus
1013 2196 1186 2234 autem
1218 2187 1458 2251 proxima
1488 2187 1767 2250 conjuncta
1799 2189 1973 2253 gluma

96 2252 357 2314 inferior,
417 2272 584 2320 eaque
616 2254 718 2317 jam
751 2254 895 2303 inter
923 2256 1174 2304 Panica
1207 2256 1487 2323 aliquando
1524 2276 1549 2306 a
1580 2258 1850 2323 superiori
1884 2274 1973 2305 re-

94 2323 322 2379 motior,
380 2323 657 2372 descendit
686 2324 740 2369 in
772 2340 1050 2373 commune
1079 2325 1182 2373 hoc
1214 2326 1614 2391 receptaculum
1644 2339 1697 2377 et
1733 2326 1972 2393 aufugit3

45 2441 48 2443 ,
94 2401 261 2440 restat
294 2409 499 2457 supera.
591 2394 739 2439 Haec
786 2410 913 2441 vero
955 2394 1340 2453 Brownius,
1397 2396 1775 2444 Botanicorum
1820 2396 1971 2460 prin-

95 2477 252 2526 ceps,
305 2460 377 2508 ita
425 2460 616 2510 effatus
663 2471 773 2509 est:
843 2463 1122 2527 „Concipe
1162 2463 1214 2509 in
1253 2462 1498 2521 Panicis‚
1552 2465 1698 2530 spica
1742 2464 1974 2514 secunda

96 2530 398 2589 instructis,
451 2530 885 2596 suppressionem
931 2531 1138 2597 glumae
1175 2532 1368 2595 calycis
1405 2534 1691 2582 exterioris
1728 2545 1782 2582 et
1812 2534 1973 2582 habe-

95 2600 177 2647 bis
220 2598 512 2665 legitimam
556 2600 790 2665 speciem
832 2600 1105 2666 Paspali.“
1190 2601 1431 2651 Prodr.
1470 2604 1557 2652 Fl.
1598 2605 1756 2654 Nov.
1795 2603 1974 2652 Holl.

99 2667 193 2717 ed.
237 2683 283 2714 2.
318 2671 355 2716 Ι.
395 2687 446 2734 p.
484 2675 592 2721 183.
636 2668 774 2730 (44.)

241 2739 388 2785 Haec
437 2738 558 2785 dum
599 2748 896 2797 mutantur,
958 2749 1199 2805 perstant
1227 2738 1495 2789 lodiculae
1523 2751 1831 2805 truncatae,
1882 2743 1976 2792 sed

95 2806 194 2855 hae
226 2807 539 2874 plerumque
571 2808 903 2874 angustiores
933 2820 986 2856 et
1015 2809 1166 2875 apice
1201 2827 1359 2875 saepe
1395 2809 1659 2859 dentatae.

238 2876 456 2925 Desinit
496 2877 707 2926 tandem
752 2894 870 2926 esse
915 2877 1073 2927 etiam
1111 2878 1273 2928 altera
1316 2879 1519 2946 gluma‚
1593 2898 1748 2947 quam
1785 2899 1974 2932 revera

101 2947 436 3013 superiorem
469 2946 561 2994 sed
593 2946 656 2994 ad
698 2947 935 3012 speciem
968 2948 1281 2996 inferiorem
1313 2950 1422 2999 sive
1466 2950 1778 3000 interiorem
1819 2969 1975 3001 voca-

97 3033 369 3072 veramus,
423 3026 477 3064 et
510 3027 620 3063 tum
656 3017 870 3083 quidem
904 3017 1081 3082 prodit
1110 3018 1505 3067 Reimariae
1544 3036 1744 3085 genus,
1795 3022 1973 3086 calyce

100 3084 466 3152 uniglumi,
517 3085 634 3145 vel,
689 3088 733 3133 si
766 3086 827 3133 ad
855 3098 1030 3135 ortum
1058 3088 1350 3152 respicias,
1405 3089 1598 3138 nullo
1636 3090 1853 3139 omnino
1891 3107 1976 3139 ca·

100 3155 243 3217 lyce,
300 3154 390 3202 sed
432 3154 633 3218 spicula
671 3153 862 3204 bissora
897 3173 925 3204 e
958 3156 1156 3206 valvula
1190 3157 1451 3206 inferiore
1486 3156 1699 3207 flosculi
1729 3161 1973 3210 neutrius

105 3234 156 3272 et
187 3222 245 3272 ss.
277 3223 713 3288 hermaphrodito
747 3236 1051 3287 constante,
1092 3227 1345 3292 gaudens.

245 3293 696 3364 Quemadmodum
742 3295 1208 3357 Hymenachne
1263 3315 1290 3344 a
1341 3295 1628 3355 Panico,
1698 3299 1770 3346 ita
1809 3300 1975 3363 Lep-

104 3361 594 3428 tocoryphium
661 3363 767 3427 (cf.
808 3363 977 3412 infra:
1033 3382 1153 3431 gen.
1184 3365 1314 3428 IV.)
1371 3382 1398 3412 a
1449 3366 1739 3430 Paspalo
1790 3365 1978 3416 differt

108 3428 331 3480 flosculo
370 3432 425 3478 in
461 3430 640 3480 fructu
678 3432 953 3482 chartaceo
995 3435 1253 3500 apiceque
1292 3433 1714 3483 membranaceo.

247 3503 304 3547 In
339 3499 702 3568 Helopode
747 3500 999 3552 flosculus
1044 3503 1280 3605 inferio}
1315 3504 1483 3563 deest,
1533 3514 1587 3553 et
1623 3503 1825 3569 spicula
1850 3521 1981 3557 con-

1190 3585 1216 3617 0
1470 3595 1473 3598 ⁴
