2100 3882
171 147 274 201 548
486 141 841 192 GRAMmEAE.
914 132 1268 184 OesEnvA'rio
1307 119 1721 184 'enecuit-mos.

179 291 486 361 provinciae
561 288 823 338 Minarum
874 294 1080 351 partem
1128 283 1333 333 obviam
1374 281 1432 333 fit
1486 283 1706 347 (incolis
1755 278 2042 349 ΤαραηΙιο-

179 378 422 424 acanga,
466 361 500 407 i.
540 376 583 408 e.
625 367 781 422 caput
823 355 1098 421 Nigritae,
1137 353 1481 419 appellatum)
1525 353 1768 402 omnibus
1793 353 1912 402 aliis
1943 353 2044 402 soli

179 431 468 501 generibus
519 427 798 494 praeferre
849 423 1038 474 videri.
1125 424 1392 490 Egregius
1438 421 1777 481 observator,
1837 422 1900 472 cl.
1953 440 2046 472 AU-

181 518 379 553 GUSTUs
432 515 503 545 nr:
546 518 585 547 s.
646 511 875 544 ninum:
931 493 1129 542 vidisse
1169 510 1224 541 se
1271 492 1424 549 dicit,
1498 508 1714 559 gramen
1772 492 1874 541 hoc
1911 510 2043 542 non-

178 572 286 621 nisi
337 568 471 617 locis
544 566 650 615 illis
715 579 1026 622 occurrere,
1100 579 1233 630 quae
1257 599 1269 619 ,
1339 571 1462 628 post
1520 563 1686 627 sylvas
1735 561 2042 628 aborigines

180 657 361 691 caesas
406 636 573 696 culta,
626 651 684 684 ac
726 644 912 700 postea
945 632 1118 681 denuo
1159 632 1344 679 relicta
1395 632 1529 691 sint,
1589 631 1643 679 id
1684 631 1828 699 quod
1863 643 2043 680 nostra

178 707 554 761 observatione
621 703 1042 771 quoddammodo
1090 719 1192 749 non
1224 718 1504 766 possumus
1545 718 1649 750 non
1696 698 2043 762 confirmare3

179 797 298 830 nam
331 776 515 826 nullibi
547 790 762 841 gramen
805 772 907 822 hoc
942 772 1087 820 adest
1124 773 1278 834 copia
1316 770 1542 833 majore,
1583 788 1736 839 quam
1763 770 1815 818 in
1847 771 2042 819 monti-

178 850 279 899 bus
309 848 448 897 inter
481 844 663 893 urbem
706 840 844 890 Villa
890 839 1053 888 Ricca
1101 852 1153 889 et
1186 840 1439 905 oppidum
1503 838 1636 889 Villa
1678 839 1744 887 do
1794 836 2044 904 Principe

181 915 616 972 decurrentibus,
681 931 840 981 quos,
896 913 1202 977 priusquam
1245 910 1374 956 culti
1421 909 1646 971 suerint,
1714 911 2044 959 densissimis

180 987 490 1038 nemoribus
535 984 810 1032 horruisse
857 992 1038 1029 notum
1082 992 1177 1028 est.
1254 978 1477 1052 Quando
1524 979 1603 1028 his
1638 980 1772 1027 locis
1812 981 2043 1047 agricola

182 1057 571 1125 plantationes,
647 1052 788 1121 quod
851 1050 1188 1099 sterilescere
1235 1048 1523 1113 incipiant,
1589 1049 1871 1115 relinquit,
1923 1066 2044 1098 mox
2077 1084 2082 1093 .

181 1144 396 1196 gramen
429 1124 560 1172 illud
582 1124 780 1171 sociale
809 1136 945 1168 nunc
976 1122 1099 1167 Pte
1121 1118 1272 1166 ride
1313 1136 1377 1166 ca
1399 1136 1425 1163 ιι
1447 1118 1592 1167 data
1633 1120 2043 1178 concomitante,

181 1214 318 1247 nunc
352 1206 469 1261 post
503 1193 642 1241 illam
671 1228 682 1249 ,
732 1202 869 1240 tanta
916 1189 1070 1253 copia
1121 1188 1455 1253 pullulascit,
1505 1200 1560 1235 ut
1602 1188 1752 1236 brevi
1797 1188 1928 1236 nulli
1971 1189 2044 1237 al-

180 1269 287 1318 teri
314 1267 521 1333 plantae
552 1262 699 1311 locus
728 1260 1090 1325 relinquatur3
1145 1275 1334 1325 magno
1368 1270 1537 1306 tamen
1563 1271 1784 1306 naturae
1817 1259 1896 1306 sui
1925 1259 2041 1306 vin-

181 1337 319 1387 dicis
369 1334 758 1389 emolumento,
826 1346 942 1376 nam
986 1346 1145 1395 quum
1186 1328 1389 1376 radices
1424 1328 1703 1394 quotannis
1732 1344 1892 1376 novas
1920 1346 2039 1393 pro-

180 1407 402 1474 pagines
429 1403 760 1469 germinent,
800 1398 985 1446 culmis
1017 1397 1271 1465 foliisque
1313 1397 1689 1459 vestutioribus
1728 1408 2041 1463 putrescen-

179 1478 350 1533 tibus,
390 1473 511 1521 inde
547 1489 677 1519 nova
706 1469 894 1517 humus
925 1468 1271 1535 pinguissima
1302 1467 1553 1533 gignitur.
1629 1467 1883 1517 Occurrit
1918 1484 2042 1516 vero

179 1547 284 1595 hoc
332 1559 579 1611 gramen,
646 1539 746 1588 etsi
787 1538 982 1586 minori
1030 1539 1212 1602 copia,
1266 1538 1399 1584 locis
1441 1537 1596 1585 etiam
1639 1537 1791 1597 aliis;
1842 1556 1940 1604 qua
1980 1555 2041 1586 re

181 1617 342 1682 longe
369 1613 548 1662 absum
584 1611 645 1659 ab
678 1610 930 1675 opinione
959 1608 1023 1656 cl.
1053 1608 1117 1656 de
1154 1625 1192 1654 s.
1216 1624 1461 1666 inmune,
1505 1607 1873 1665 existimantis,
1914 1606 2045 1656 illud

181 1686 267 1734 his
307 1683 440 1732 locis
470 1680 811 1747 peregrinum
862 1694 1009 1737 esse,
1069 1694 1381 1744 quamquam
1416 1678 1668 1743 quosdam
1716 1676 1918 1726 accolas
1957 1678 2046 1725 ad·

182 1755 369 1813 ducat,
429 1769 652 1819 quorum
694 1749 784 1796 alii
826 1746 1139 1796 Monachum
1194 1745 1486 1814 quendam.
1548 1747 2044 1809 Fratrem-Ludovi-

181 1841 300 1875 cum
346 1822 590 1879 nomine,
657 1818 816 1875 illud,
867 1828 924 1865 ut
970 1814 1341 1881 profuturum,
1396 1816 1596 1865 sevisse
1645 1815 1807 1877 (unde
1851 1834 2045 1865 nomen

182 1892 428 1957 Caa-pim
468 1891 535 1937 do
580 1886 724 1954 Frey
758 1884 901 1934 Lniz
938 1886 1217 1946 haberet),
1273 1884 1362 1932 alii
1414 1902 1537 1934 casu
1592 1887 1645 1932 in
1693 1886 1885 1934 calceis
1922 1902 2042 1952 aga·

181 1964 327 2015 sonis
371 1959 639 2026 cujusdam
683 1957 897 2024 regioni
935 1954 1060 2003 huic
1104 1955 1303 2003 illatum
1342 1954 1484 2019 ajunt
1585 1957 1782 2004 Verum
1826 1955 2040 2022 quidem

183 2045 290 2093 est,
330 2031 607 2099 propriam
649 2043 765 2076 esse
815 2024 1134 2093 quarundam
1163 2026 1454 2089 plantarum
1486 2024 1820 2087 sylvestrium
1859 2024 2043 2073 condi-

180 2104 416 2159 tionem,
476 2110 532 2147 ut
580 2098 732 2147 novis
778 2096 939 2144 terris
996 2095 1169 2142 illatae
1226 2095 1416 2141 mirum
1468 2105 1717 2162 quantum
1760 2096 2044 2155 luxurient,

181 2169 625 2241 quemadmodum
658 2166 710 2214 id
753 2165 888 2231 apud
922 2181 1017 2212 nos
1052 2163 1565 2229 Galinsogaeae
1604 2164 2043 2230 parvis-lorae

183 2242 393 2293 accidit.
470 2239 645 2313 Quum
681 2252 812 2285 vero
850 2234 1176 2282 Pteridis
1215 2235 1571 2282 caudatae.
1611 2234 1820 2299 plantae
1847 2232 2044 2302 absque

179 2312 340 2361 dubio
375 2306 741 2361 brasiliensis,
780 2304 832 2351 in
859 2305 1133 2352 consortio
1165 2303 1479 2370 plerumque
1513 2303 1641 2351 illud
1675 2321 1890 2370 gramen
1919 2321 2045 2370 pro-

179 2382 387 2438 veniat,
445 2376 726 2426 difficilior
758 2371 816 2422 fit
851 2373 1117 2438 suspicio,
1171 2373 1224 2420 id
1257 2374 1544 2440 originitus
1580 2374 1840 2421 Minarum
1865 2374 2043 2440 regio-

176 2452 335 2501 nibus
373 2449 549 2498 ·suisse
602 2456 925 2495 extraneum.
1001 2444 1281 2492 Caeterum
1333 2444 1386 2491 in
1427 2443 1807 2510 graminum
1845 2443 2044 2493 Ore-3-

179 2523 324 2571 dum
366 2519 620 2585 regione,
679 2513 878 2582 quippe
916 2530 1049 2580 quae
1099 2512 1468 2578 frigidiuscula
1502 2513 1863 2581 continuoque
1904 2528 2045 2562 com·

175 2590 421 2651 mercio,
452 2587 593 2654 quod
625 2601 726 2651 ope
759 2582 1019 2630 mulorum
1051 2583 1359 2648 peragitur,
1410 2582 1768 2650 frequentata,
1809 2583 2044 2649 gramina

176 2676 438 2725 europaea
475 2657 685 2705 facilius
732 2668 1040 2701 assuescere
1088 2663 1333 2717 possunt,
1403 2652 1549 2715 cujus
1585 2652 1665 2700 rei
1695 2653 1935 2717 exemplo
1966 2664 2045 2700 est

176 2732 219 2779 P
239 2748 308 2780 oa
328 2747 406 2777 >an
425 2745 453 2774 n
477 2745 502 2772 u
521 2746 572 2783 a,
613 2725 675 2773 ab
703 2723 767 2771 cl.
801 2740 840 2770 s.
877 2740 1097 2770 namne
1123 2738 1290 2787 prope
1321 2719 1513 2768 Villam
1535 2718 1723 2769 Ricam
1750 2722 2042 2771 observata.

317 2799 405 2849 1V.
454 2794 772 2846 Gramina
822 2791 1138 2856 Dryades
1203 2792 1482 2857 regionem
1532 2791 1840 2856 sylvestrem
1892 2793 2038 2840 inco-

175 2868 318 2928 lunt,
359 2883 491 2935 quae
526 2875 696 2913 tractu
730 2861 988 2910 formatur
1036 2860 1327 2919 montium,
1385 2858 1545 2908 Serra
1588 2859 1655 2908 do
1698 2857 1839 2908 Μαι·
1871 2859 2041 2909 dicto-

174 2955 325 2998 rum,
381 2938 601 2986 Granite
641 2932 957 2999 praecipue,
1033 2931 1294 2989 Gneisso,
1360 2930 1651 2994 Syenitite,
1704 2941 1757 2979 et
1791 2930 1843 2978 in
1890 2941 2039 2995 parte

177 3025 330 3076 quam
364 3004 584 3053 maxime
619 3001 831 3051 australi
861 2999 1244 3049 verosimiliter
1288 3000 1624 3056 recentiore,
1677 3017 1827 3067 quam
1862 2999 2039 3048 Flestz-

173 3088 329 3143 trapp
363 3076 570 3131 dicunt,
603 3072 943 3129 ,formatione
985 3080 1293 3121 constante„
1365 3073 1586 3124 Tractus
1615 3068 1704 3118 hic
1733 3070 1893 3135 longo
1924 3069 2040 3136 qui-

174 3146 293 3196 dem
344 3145 469 3210 jugo
515 3142 636 3190 inde
673 3160 698 3188 a
734 3139 1118 3205 Septentrione
1163 3153 1342 3186 versus
1383 3137 1667 3186 Meridiem
1717 3138 2039 3197 extenditur,

172 3231 364 3281 nempe
411 3232 435 3261 a
473 3212 759 3265 districtus,
795 3225 951 3275 quem
985 3205 1242 3254 Comen-cce
1276 3205 1370 3253 dos
1423 3204 1598 3254 Ilheos
1648 3206 1828 3257 dicunt
1881 3208 2035 3267 (latit.

170 3296 333 3333 austr.
383 3291 440 3343 ¹4
472 3282 645 3348 grad.)
679 3294 847 3345 usque
877 3278 942 3325 ad
977 3273 1108 3323 fines
1139 3274 1391 3324 australes
1423 3277 1732 3342 provinciae
1765 3280 1816 3327 S.
1849 3276 2035 3326 Catha-

168 3355 315 3403 rinae
350 3352 460 3414 (lat.
490 3361 652 3399 austr.
685 3363 748 3411 29
769 3345 972 3414 grad),
1013 3344 1291 3393 altitudine
1321 3346 1526 3394 varians
1550 3346 1691 3395 inter
1714 3345 1877 3412 pedes
1909 3361 2035 3395 1200

115 3419 222 3474 set
237 3424 405 3484 3000,
443 3430 670 3469 attamen
691 3416 867 3466 omnia
895 3414 1146 3481 gramina,
1181 3430 1285 3479 vper
1311 3412 1462 3480 hujus
1485 3416 1723 3483 regionis
1739 3415 2034 3484 primaevas

135 3489 332 3558 sylvas
349 3488 692 3559 hospitantia‚
717 3486 780 3537 ad
799 3487 1010 3536 easdem
1040 3484 1249 3551 species
1268 3485 1562 3551 pertinere,
1590 3485 1673 3537 vel
1696 3495 1840 3535 certe
1857 3484 2033 3534 altitu·
2056 3499 2061 3503 ’
