2100 3882
863 143 1221 192 Gnammnan.
1908 141 1979 194 12

269 315 321 351 α.
369 294 631 374 Spica,
678 291 772 352 vel
814 291 1068 371 simplex
1107 290 1204 350 vel
1245 289 1589 371 composita
1631 303 1692 346 et
1734 287 1980 347 decom-

107 403 340 484 posita,
383 401 731 479 ubicunque
775 398 1048 479 spiculae
1092 398 1323 478 absque
1351 395 1704 479 pedicellis,
1748 397 1980 477 velpe-

109 510 346 569 dicellis
393 509 604 566 saltem
644 506 1017 565 brevissimis
1060 521 1334 576 utenteS,
1397 505 1492 564 axi
1537 501 1804 581 (rhachi)
1853 504 1980 562 cui-

34 647 46 659 ·
114 618 254 677 dam
295 616 533 695 integro
577 615 991 672 innascuntur.

271 825 333 889 [3.
380 833 780 899 RacemuS,
826 844 886 887 et
915 828 966 887 is
999 827 1245 907 quidem
1272 825 1367 884 vel
1399 825 1655 905 simplex
1685 825 1779 884 vel
1812 847 1981 884 com-

111 939 347 1021 positus
405 937 930 1018 decompositusve
987 951 1047 994 et
1095 934 1283 1003 ultra,
1351 953 1489 990 cum
1530 933 1798 1012 spiculae
1837 954 1985 1013 pro-

112 1045 264 1127 priis
307 1045 625 1125 pedicellis
671 1047 765 1102 axi
809 1045 1044 1121 integro
1085 1043 1449 1122 junguntur5
1508 1040 1750 1098 rhachis
1788 1054 1988 1097 autem

113 1154 253 1212 talis
313 1154 440 1212 axis
498 1154 666 1211 audit
707 1153 771 1210 in
812 1152 1065 1232 spicatis
1111 1165 1171 1208 et
1212 1147 1578 1218 racemosiS,
1645 1147 1698 1205 si
1737 1147 1987 1227 quando

114 1262 307 1339 magis
378 1261 645 1321 minusve
713 1261 777 1318 in
841 1258 1223 1317 latitudinem
1284 1276 1613 1337 expansus,
1690 1254 1987 1313 secundas

115 1368 471 1450 plerumque
517 1368 783 1449 spiculas
825 1366 1080 1448 profert.

274 1601 328 1647 Ύ.
373 1583 746 1640 Panicula
787 1583 1050 1662 denique
1094 1603 1166 1639 ea
1207 1595 1298 1638 est
1340 1579 1822 1648 inflorescentia,
1881 1600 1986 1637 cu-

111 1692 208 1770 jus
252 1690 403 1748 rami
461 1690 730 1760 soluti,
803 1691 898 1750 vel
941 1690 1161 1748 alterni
1201 1688 1296 1746 vel
1340 1686 1839 1744 semiverticillati
1883 1702 1988 1745 aut

115 1798 489 1869 verticillati,
537 1799 602 1855 in
642 1799 853 1857 rhachi
896 1800 1132 1877 integra
1169 1797 1590 1876 disponuntur.
1679 1796 1861 1876 Cujus
1892 1817 1987 1853 se-

117 1907 381 1964 cundum
424 1907 813 1977 divisionem,
883 1906 1328 1985 longitudinem
1381 1918 1443 1960 ct
1500 1903 1852 1961 distantiam
1891 1925 1988 1961 ra-

115 2036 351 2072 morum
422 2015 847 2073 distinctiones
914 2030 1084 2075 sunt:
1185 2011 1560 2094 panicula
1640 2012 1984 2092 simplex,

118 2122 625 2203 Subsimplex,
701 2145 1009 2182 ramosa
1065 2137 1125 2180 et
1176 2119 1732 2188 ramosissima,
1803 2118 1986 2176 ramis

116 2231 362 2287 ramulis
441 2231 883 2311 pedicellisque
960 2231 1110 2288 laxis
1181 2228 1515 2303 instructa3
1618 2226 1990 2306 panicula

119 2337 581 2415 thyrsoidea
624 2339 722 2395 cui
764 2339 915 2397 rami
957 2338 1307 2416 rigidiores,
1363 2335 1672 2393 breviores
1712 2334 1990 2391 densius-

124 2464 240 2523 que
301 2443 752 2524 circumpositi5
830 2445 1202 2526 panicula
1257 2442 1598 2521 spicata,
1677 2440 1785 2497 ubi
1837 2440 1991 2497 rami

123 2551 337 2612 breves
403 2551 710 2633 densoque
773 2552 1123 2633 spiculigeri
1177 2565 1238 2608 et
1275 2548 1678 2631 approximati
1737 2548 1994 2605 rhachin

120 2660 471 2741 primariam
504 2677 741 2740 tegunt,
789 2662 1130 2742 cylindrum
1172 2659 1266 2720 vel
1309 2658 1490 2714 aliam
1531 2658 1781 2735 figuram
1820 2655 1993 2736 paul-

122 2769 185 2828 lo
228 2769 418 2847 magis
473 2770 537 2826 in
590 2766 1033 2849 longitudinem
1089 2781 1465 2849 protractam
1515 2763 1866 2822 referentes,
1910 2798 1994 2808 —-
2059 2793 2067 2798 ,

126 2877 313 2956 Spica
336 2874 340 2878 ⁶
366 2878 460 2936 vel
512 2879 797 2958 panicula
855 2878 1150 2936 diminuto
1213 2876 1306 2932 axi
1362 2873 1614 2931 maxime
1676 2884 1995 2928 contracta

130 2985 548 3064 capitulum
592 2986 795 3043 refert.
903 2986 973 3041 In
1013 2985 1108 3041 his
1151 2981 1512 3062 praesertim
1555 2978 1855 3037 densioris
1901 2977 1994 3033 in-

129 3092 551 3149 floresccntiac
597 3092 809 3150 formis
851 3092 1150 3149 accedunt
1206 3090 1390 3146 ctiam
1442 3101 1646 3167 partes
1703 3081 1994 3142 involu-

132 3199 414 3269 crales,
478 3200 619 3280 pili,
693 3216 885 3270 setae,
954 3218 1275 3279 squamae,
1340 3195 1557 3253 foliola
1594 3194 1857 3252 discreta
1899 3191 1995 3248 vel

97 3290 423 3377 connata,
490 3329 640 3388 quas
692 3308 787 3368 vel
829 3307 994 3365 soliis
1032 3303 1440 3363 bractealibus
1485 3302 1615 3369 sub,
1641 3300 1810 3360 floris
1855 3320 1995 3357 evo-

127 3414 356 3472 lutione
400 3415 712 3474 diminutis
726 3457 743 3486 ,
803 3415 898 3474 vel
939 3412 1258 3494 pedicellis
1304 3411 1644 3479 sterilibus,
1708 3407 1803 3466 vel
1845 3406 1994 3462 sctis

53 3568 57 3569 γ
129 3521 425 3601 pilisque,
492 3522 570 3580 ad
604 3523 954 3600 vaginarum
987 3521 1167 3581 bases
1198 3513 1620 3600 frequentibus
1656 3512 1997 3589 eodemque
