2100 3882
173 91 278 141 552
492 90 839 141 Gamo-Nam.
914 92 1268 145 OsssnnvA-rm
1307 110 1710 146 GssoGnArch.

97 289 104 291 ‚
169 248 317 287 terea
352 237 505 304 hujus
541 239 779 307 regionis
820 241 1074 308 qualitate
1117 246 1339 311 quadam
1378 244 1608 310 physica.
1678 245 1875 292 Natura
1908 243 2026 323 qui·
2095 247 2100 283 '-

2088 0 2100 230 ἒ

173 305 296 356 dem
322 309 423 357 soli
447 310 625 358 eadem
654 321 766 371 est,
806 328 938 376 quae
970 310 1206 363 finit1mis
1240 314 1548 380 provinciae
1577 330 2023 379 maragnanenms3
2088 331 2100 374 j

177 387 381 427 constat
423 379 670 427 nimirum
715 379 890 444 lapide
943 381 1034 432 illo
1088 385 1480 450 conglomerato
1524 381 2031 447 arenoso-ferrugi-

174 462 307 495 noso
328 482 340 506 ,
383 448 468 496 cui
502 448 708 513 saepius
737 450 904 515 ampla
926 449 1232 501 incumbunt
1267 465 1424 502 strata
1447 453 1659 517 argillae
1689 452 2031 501 diversicolo-

179 515 253 564 ris
278 551 290 574 ,
333 513 582 565 fluctuum
617 534 717 584 ope
753 519 998 583 advecta3
1038 522 1131 569 sed
1164 523 1306 588 quod
1344 523 1617 588 proprium
1656 533 1736 569 est
1786 521 1902 570 huic
1949 537 2034 569 re-

177 585 354 650 gioni,
411 587 638 635 calido
671 621 690 628 -
715 587 1025 638 humidae
1064 592 1217 641 nobis
1257 592 1459 652 dictae,
1513 603 1590 639 est
1629 591 1840 639 humilis
1883 607 2036 655 supra

178 654 448 725 Oceanum
500 656 725 705 elevatio
786 670 839 710 et
890 659 1031 707 mira
1078 662 1338 726 planities.
1424 660 1647 710 Accedit
1707 658 2038 710 incredibilis

178 741 426 790 aquarum
455 725 798 787 abundantia,
858 746 956 795 qua
1002 727 1086 790 fit,
1141 742 1196 778 ut
1227 731 1313 780 vix
1356 730 1557 779 fontem
1589 723 1774 779 ‘videas
1816 728 2037 810 nisixqui

180 793 235 841 in
272 804 469 843 vastum
500 795 666 845 lacum
705 799 1040 846 exuberasset
1065 836 1076 858 ‚
1138 818 1236 849 nec
1280 799 1481 859 ri'vum‚
1531 800 1633 848 nisi
1674 799 1759 866 qui
1803 798 1858 846 in
1904 814 2063 864 mag-,

178 881 302 912 num
347 861 561 912 fluvium
602 879 724 930 post
761 884 1040 932 paucarum
1086 869 1350 918 leucarum
1404 869 1681 917 decursum
1723 868 2039 927 intumuerit.

178 932 278 980 His
309 933 550 982 omnibus
584 936 876 986 rationibus
910 936 997 995 fit,
1047 949 1100 985 ut
1148 950 1319 986 aestus
1363 938 1519 986 maris
1558 939 1717 987 variis
1751 938 1884 987 locis
1924 953 2041 1004 pro·

179 1002 266 1052 cul
290 1002 345 1050 in
381 1003 646 1053 canalibus
678 1017 853 1055 terrae
890 1007 1207 1057 continentis
1238 1008 1639 1065 continuentur,
1680 1019 1732 1055 et
1757 1007 1926 1056 omnis
1954 1023 2040 1055 re-

179 1071 268 1138 gio
299 1072 489 1121 eodem
517 1074 664 1139 quasi
694 1086 930 1141 tempore
964 1076 1127 1140 ipsius
1167 1090 1382 1126 naturae
1412 1088 1523 1126 arte
1542 1114 1553 1134 ,
1606 1077 1732 1124 item
1763 1095 1821 1126 ac
1849 1077 1904 1124 in
1929 1076 2041 1124 Bel-

179 1141 267 1207 gio
298 1141 565 1191 hominum
604 1144 890 1203 industria,
944 1145 1243 1194 inundetur.
1316 1150 1428 1196 Nec
1465 1147 1684 1194 ulterius
1714 1146 1848 1195 hanc
1874 1145 2042 1212 regio-

179 1227 300 1259 nem
327 1213 679 1262 amazonicant
721 1215 1052 1263 constitutam
1094 1215 1180 1265 hic
1226 1217 1346 1265 volo
1369 1253 1380 1275 ,
1434 1235 1585 1283 quam
1616 1234 1714 1283 qua
1747 1217 2043 1264 simultanea

179 1279 310 1330 haec
337 1300 583 1348 aquarum
615 1283 885 1333 inundatio
911 1285 1202 1351 contingit3
1243 1287 1438 1352 quippe
1469 1303 1627 1352 quae,
1667 1297 1880 1351 praeter
1897 1285 2040 1333 Ama-

181 1367 373 1400 zonum
402 1350 632 1401 fluminis
671 1370 790 1413 ora,
855 1365 907 1402 et
939 1353 1219 1403 fluviorum
1258 1356 1551 1405 lateralium
1588 1355 1864 1404 decursum
1906 1371 2039 1404 com-

179 1420 431 1486 plectitur
461 1423 600 1471 inter
631 1423 758 1471 illud
779 1460 790 1482 ,
832 1425 972 1491 quod
996 1437 1207 1489 petunt,
1250 1437 1404 1492 atque
1435 1443 1494 1474 ea
1531 1425 1669 1484 loca,
1710 1426 1897 1491 quibus
1925 1425 2038 1473 illo-

181 1508 298 1538 rum
325 1491 472 1557 ripae
508 1493 660 1540 altius
699 1493 1023 1543 adscendunt
1063 1495 1364 1562 limitesque
1415 1496 1562 1562 quasi
1605 1495 1767 1561 positi
1806 1494 2043 1545 videntur

182 1560 398 1609 alterius
431 1562 778 1627 vegetationis
805 1565 1017 1613 omnino
1035 1564 1444 1623 diversissimae,
1487 1564 1610 1612 inde
1644 1584 1669 1613 a
1699 1564 1927 1613 fontibus
1953 1582 2039 1612 us-

185 1645 287 1695 que
322 1631 388 1679 ad
424 1632 697 1696 planitiem
740 1635 1092 1684 amazonicam
1134 1632 1325 1684 fluvios
1366 1634 1784 1685 concomitantis.
1855 1633 2043 1698 Naja-

183 1698 303 1747 des
343 1701 660 1766 gramina
696 1702 761 1751 ad
795 1704 970 1769 ripas,
1044 1706 1280 1763 canales,
1344 1707 1592 1771 lacusque
1634 1703 1864 1753 fluminis
1889 1704 2037 1757 Ama-

183 1786 375 1818 zonum
404 1770 688 1820 habitantia
718 1787 1001 1839 propterea
1041 1774 1175 1831 dixi,
1227 1777 1369 1841 quod
1402 1775 1564 1840 magis
1601 1792 1752 1840 quam
1784 1773 1876 1821 alia
1922 1772 2043 1821 sub-

181 1838 319 1904 jecta
371 1840 475 1888 sint
523 1859 772 1908 aquarum
822 1844 1034 1893 actioni.
1134 1846 1305 1893 Pauca
1347 1845 1518 1910 sylvas
1568 1846 1862 1909 primaevas
1902 1842 2044 1909 juxta

182 1907 322 1958 hunc
352 1907 566 1958 fluvium
601 1911 921 1971 inhabitant,
962 1915 1118 1962 immo
1148 1916 1233 1964 vel
1275 1914 1327 1960 in
1364 1914 1454 1962 illo
1497 1925 1666 1962 tractu
1698 1913 1905 1970 desunt,
1957 1911 2047 1978 qui

184 1978 334 2044 aquis
375 1977 627 2029 finitimus
677 1983 953 2048 quotannis
1004 1983 1423 2033 increscentibus
1460 1981 1706 2032 fluctibus
1755 1982 2046 2040 inundatur,

185 2046 250 2095 ab
294 2049 488 2109 accolis
522 2047 671 2098 Gabo
713 2051 899 2101 dictus.
974 2053 1161 2101 Amant
1212 2071 1339 2101 vero
1375 2054 1504 2102 haec
1542 2053 1772 2119 gramina
1809 2069 1909 2100 non
1944 2051 2049 2099 nisi

188 2128 447 2167 extremas
489 2120 661 2184 ripas,
720 2120 914 2170 insulas
953 2123 1006 2170 in
1052 2122 1263 2171 flumine
1297 2140 1603 2171 numerosas
1639 2134 1691 2170 et
1724 2134 1885 2189 syrtes
1918 2119 2048 2182 (Co-

186 2203 345 2250 roas,
387 2185 660 2255 Pray’as),
703 2207 833 2256 quae
886 2191 1258 2261 descrescente
1305 2190 1518 2241 flumine
1562 2194 1824 2259 extemplo
1860 2192 2051 2240 iterum

188 2257 334 2318 aquis
371 2257 715 2307 denudantur.
789 2261 892 2312 Vix
938 2261 1184 2311 fluctibus
1234 2280 1466 2312 emersae
1499 2262 1659 2311 viridi
1700 2272 1942 2329 teguntur
1978 2272 2050 2309 ta-

188 2338 312 2392 pete
353 2327 424 2376 ita
466 2328 657 2383 denso,
741 2342 799 2380 ut
842 2332 1040 2380 culmus
1087 2334 1308 2381 culmum
1350 2343 1584 2399 premat,
1623 2332 1956 2380 nihilominus
1995 2330 2050 2378 in

191 2407 415 2461 quatuor
453 2399 611 2447 immo
645 2416 736 2448 sex
767 2400 959 2467 pedum
985 2402 1311 2450 altitudinem
1345 2401 1666 2460 evehuntur,
1708 2413 1759 2450 et
1785 2414 2052 2466 antequam

188 2463 385 2515 flumen
420 2468 471 2515 in
517 2486 768 2517 summum
829 2470 1096 2537 fastigium
1152 2473 1341 2520 iterum
1388 2472 1650 2520 increscat
1690 2483 1741 2520 et
1774 2470 1964 2520 florent
2001 2479 2054 2517 et

194 2537 391 2585 semina
442 2539 587 2605 large
630 2538 931 2605 perficiunt.
1005 2542 1087 2589 Ad
1134 2542 1274 2607 ripas
1329 2540 1734 2600 confluentium,
1791 2555 1942 2606 saepe
1976 2549 2055 2587 sat

193 2605 323 2654 altas
369 2618 523 2674 atque
560 2610 879 2675 praecipites
911 2610 1139 2677 ideoque
1173 2612 1384 2659 omnino
1421 2612 1507 2659 vix
1537 2612 1855 2666 submersas,
1896 2625 2053 2675 quae-

193 2675 310 2724 dam
360 2677 594 2743 gramina
642 2679 865 2728 subinde
905 2681 1082 2729 densis
1120 2693 1167 2729 et
1222 2682 1469 2730 solitariis
1499 2681 1816 2746 caespitibus
1844 2679 2054 2745 degunt,

192 2762 290 2811 per
316 2747 619 2796 universum
654 2767 841 2797 annum
864 2787 875 2809 ,
917 2750 982 2799 ob
1024 2751 1297 2799 humorem
1342 2749 1692 2799 sufficientem
1715 2786 1727 2807 ,
1779 2748 2056 2798 laetissime

195 2817 508 2880 vegetantia.
597 2819 713 2867 Huc
765 2820 918 2868 etiam
964 2822 1233 2885 pertinent
1289 2821 1516 2886 gramina
1577 2821 1775 2867 insulae
1825 2816 2054 2879 Nlarajo'

193 2886 440 2954 propria,
483 2887 627 2952 cujus
661 2905 781 2953 pars
822 2890 1346 2939 orientali-borealis
1367 2891 1632 2956 paludosis
1664 2889 1821 2954 pratis
1843 2923 1856 2946 ,
1896 2903 2056 2953 equo·

196 2971 314 3003 rum
349 2955 541 3003 eximio
573 2974 799 3022 pascuo,
839 2961 1039 3009 consita
1090 2972 1165 3009 est
1209 2972 1363 3026 atque
1411 2960 1543 3008 loeis
1574 2957 1845 3023 uliginosis
1895 2957 2055 3005 densa

200 3040 358 3089 saepe
415 3025 845 3076 Scitaminearum
900 3030 1102 3095 agmina
1153 3028 1500 3091 (illondogos
1550 3028 1762 3084 dicunt)
1815 3026 2051 3093 prosert3

197 3109 298 3142 nec
330 3111 435 3142 non
452 3112 542 3142 eac
581 3113 709 3160 quae
743 3097 794 3145 in
827 3099 1021 3163 campis
1052 3111 1297 3148 crescunt
1325 3099 1446 3147 indc
1475 3117 1500 3147 a
1531 3097 1643 3162 ripa
1676 3096 1818 3144 fluvii
1839 3097 2052 3144 Amazo-

194 3180 320 3211 num
349 3162 552 3211 boreali
581 3167 681 3212 late
713 3165 936 3222 diffusis.
1009 3170 1229 3216 Multum
1271 3170 1399 3217 haec
1425 3205 1436 3227 ,
1488 3167 1655 3234 quoad
1691 3166 1952 3224 habitum,
1992 3165 2054 3213 il-

197 3233 265 3281 lis
292 3233 611 3298 graminibus
639 3270 650 3290 ,
692 3252 822 3300 quae
864 3236 918 3283 in
951 3238 1146 3302 campis
1181 3238 1255 3285 sic
1291 3237 1444 3286 dietis
1476 3236 1764 3301 agrestibus
1803 3235 2053 3293 habitant,

203 3313 323 3351 sunt
365 3303 568 3352 similia.
644 3304 889 3370 Denique
932 3305 1042 3355 loca
1087 3306 1363 3355 arboribus
1405 3306 1691 3363 denudata,
1751 3317 1807 3353 ut
1853 3304 1905 3351 in
1951 3304 2058 3353 cul-

203 3382 352 3420 turae
388 3390 535 3420 usum
570 3384 867 3433 vertantur,
909 3375 1137 3440 gramina
1164 3375 1340 3425 serunt
1374 3377 1619 3425 nonnulla
1668 3374 1852 3424 similia
1889 3373 2032 3439 Drya

201 3439 385 3502 dibus,
423 3441 477 3491 in
507 3441 631 3511 jugo
669 3444 923 3494 montium
954 3445 1331 3496 maritimorum
1377 3445 1716 3514 degentibus,
1771 3445 1837 3494 de
1865 3443 2055 3510 quibus
