2100 3882
627 180 977 234 GanmmEAE.
1048 184 1346 232 PASPALus.
1861 183 1930 236 79

44 339 191 397 setis
246 333 720 397 involucralibus
777 332 923 391 solis
980 332 1428 413 superstitibus.
1518 330 1740 411 Spicae
1776 353 1920 411 pro-

48 421 217 500 priae
258 419 406 475 satis
448 417 697 493 longae,
758 416 1208 494 approximatae
1250 416 1310 472 in
1354 413 1566 471 rliachi
1616 414 1922 471 communi

44 501 243 570 brevi,
292 519 470 578 saepe
512 498 854 574 fastigiatae
883 495 977 554 vel
1015 496 1421 574 subdigitatae
1453 511 1708 569 erectae.
1771 494 1920 552 Glu-

47 603 179 639 mae
239 582 508 639 omnium
564 578 988 647 tenuissimae,
1044 578 1360 655 hyalinae,
1405 577 1779 658 pellucidae,
1826 576 1920 633 bi-

44 683 254 722 nerves
272 685 289 735 3
337 663 568 718 fructus
601 660 907 738 nigricans
941 674 1041 715 aut
1067 660 1292 717 fuscus.
1336 697 1418 705 —
1463 658 1754 717 Gramina
1790 658 1918 714 cul-

44 767 145 802 mo
189 743 336 800 forti
380 743 488 799 sed
540 765 665 799 non
715 741 970 798 multum
1021 741 1315 807 exaltato,
1364 741 1536 818 apice
1578 740 1778 808 nudo,
1824 739 1920 795 fo-

37 825 134 882 liis
172 823 568 904 planiusculis
599 822 823 901 glabris
853 836 954 878 aut
981 822 1242 892 villosis,
1291 822 1473 878 etiam
1521 820 1916 901 exasperatiS‚

42 906 247 963 radice
297 905 603 985 perenni.)

179 988 402 1052 Species
438 984 766 1035 Brasilianae
805 981 852 1034 6.
894 983 999 1050 (sp.
1038 981 1314 1048 62—67.)

445 1128 499 1168 62
557 1129 927 1168 PAsPA1.Us
971 1129 1423 1166 CANEscENs.
1482 1119 1513 1170 ἦ·

169 1217 230 1262 Ρ.
283 1215 445 1279 spicis
492 1216 862 1285 subquaternis
924 1215 1307 1280 approximatis
1361 1211 1704 1281 subdigitatis
1765 1212 1916 1262 fasti-

32 1285 224 1352 ἓῖἃῑίὃο
262 1285 449 1337 11130111
481 1288 748 1338 communi
789 1285 986 1350 pilosa,
1042 1287 1258 1350 propria
1304 1286 1568 1351 triquetra
1608 1282 1703 1332 sub
1740 1283 1918 1348 spicu-

32 1355 100 1403 lis
152 1356 499 1425 margineque
554 1358 1051 1423 papilloso-setosa
1108 1355 1328 1420 spiculis
1392 1355 1666 1403 biseriatis
1720 1355 1912 1402 suban-

34 1425 300 1490 gustiore,
339 1428 529 1495 glumis
564 1424 1098 1490 obovato-ellipticis
1128 1424 1580 1491 pubescentibus,
1622 1423 1769 1472 foliis
1801 1423 1913 1489 pla-

35 1495 119 1542 nis
154 1495 465 1565 vaginisque
502 1495 907 1546 villoso-canis.

169 1566 371 1616 Similis
425 1578 506 1616 est
550 1567 850 1631 Paspalo
905 1563 1204 1630 pulchro
1262 1575 1315 1612 et
1361 1567 1421 1612 P.
1478 1573 1899 1628 exasperato

31 1633 124 1694 (cf.
166 1652 246 1700 sp.
283 1634 366 1685 63.
415 1650 465 1687 et
500 1635 640 1700 65),
696 1636 790 1684 sed
835 1637 959 1684 satis
996 1634 1373 1700 distinguitur:
1415 1634 1605 1682 culmis
1648 1632 1909 1698 simplici-

30 1703 129 1752 bus
167 1707 624 1772 sesquipedalibus
654 1705 957 1754 trinodibus
982 1741 993 1763 ,
1047 1704 1254 1769 vaginis
1287 1705 1444 1752 arctis
1476 1704 1736 1770 foliisque
1771 1702 1916 1751 villis

31 1773 212 1821 densis
266 1776 797 1826 subincumbentibus
845 1774 1299 1822 cinerascentibus
1342 1774 1499 1822 tectis
1558 1789 1735 1839 neque
1791 1789 1914 1820 exa-

28 1845 289 1908 speratis,
345 1849 526 1911 (li-5
554 1846 783 1912 pollices
817 1845 993 1910 longis
1036 1846 1095 1909 1}
1133 1843 1301 1892 lineas
1340 1843 1520 1904 latis),
1577 1843 1740 1909 spicis
1783 1859 1911 1907 pau-

28 1914 299 1978 cioribus,
340 1918 540 1979 4-——4-{-
582 1916 809 1981 pollices
844 1915 1047 1981 longis,
1088 1913 1273 1962 rhachi
1312 1913 1577 1962 communi
1621 1913 1708 1963 vix
1752 1913 1913 1960 semi-

30 1983 277 2048 pollicari
305 1986 428 2051 pilis
455 1987 653 2034 erectis
683 1984 934 2033 brevibus
964 1984 1215 2048 adspersa
1235 2021 1247 2042 ‚
1304 1984 1523 2048 spiculis
1554 1982 1779 2031 dimidio
1806 1999 1914 2029 ma-

32 2053 240 2118 joribus
270 2055 810 2121 obovato-ellipticis
856 2053 1093 2101 molliter
1127 2052 1766 2118 ssavo-pubescentibus,
1819 2069 1916 2100 ne-

33 2139 159 2189 que,
191 2135 248 2171 ut
273 2127 327 2173 in
359 2125 516 2173 dictis
545 2123 858 2191 speciebus,
891 2125 1016 2189 pilis
1047 2123 1294 2189 rigidulis
1335 2124 1586 2172 brevibus
1617 2122 1785 2171 laxius
1825 2122 1914 2170 ad-

35 2193 256 2256 spersis.
300 2221 362 2229 —
408 2196 579 2244 Radix
617 2196 776 2261 repit.
851 2194 1041 2260 Ligula
1073 2193 1415 2252 brevissima,
1463 2193 1809 2242 transversim
1846 2192 1912 2239 li-

35 2263 242 2322 nearis,
284 2276 527 2323 arcuata,
567 2266 792 2331 integra.
867 2264 1089 2314 Glumae
1110 2264 1392 2330 aequales:
1434 2264 1665 2311 inferior
1698 2273 1916 2327 praeter

32 2347 224 2380 nervos
268 2333 399 2382 duos
441 2335 726 2383 distinctos
766 2333 1124 2399 pubescentes
1162 2333 1320 2382 lineis
1361 2344 1588 2399 quatuor
1616 2332 1916 2398 pubescen—

31 2399 174 2449 tibus
217 2415 332 2451 ante
370 2403 577 2467 apicem
624 2403 993 2452 desinentibus
1041 2403 1242 2463 divisa,
1296 2414 1350 2450 et
1391 2403 1513 2451 ideo
1563 2401 1625 2450 acl
1670 2401 1911 2466 speciem

31 2472 259 2519 sex-vel
319 2473 479 2520 etiam
538 2473 993 2540 quinquenervis3
1063 2474 1311 2537 superior
1374 2488 1588 2538 quoque
1644 2470 1905 2530 binervis,

29 2538 123 2587 sed
156 2541 223 2588 ob
264 2541 577 2590 accedentes
622 2543 790 2591 lineas
833 2542 1189 2606 pubescentes
1233 2540 1670 2609 quinquenerviS.
1746 2543 1902 2589 Flos-

29 2609 176 2656 culus
208 2609 262 2657 in
287 2610 466 2660 fructu
493 2611 702 2671 fuscus,
742 2611 893 2677 apice
940 2611 1360 2678 subpubescens.
1440 2613 1598 2660 Setae
1639 2609 1903 2660 rhacheos

36 2695 243 2727 aureae.

164 2745 391 2796 Habitat
417 2748 557 2798 inter
583 2749 725 2799 Villa
753 2748 891 2798 Rica
933 2758 982 2798 et
1023 2747 1239 2814 Tejtzco,
1274 2748 1590 2817 provinciae
1620 2745 1910 2797 Minarnm

25 2832 146 2894 gen.
189 2815 479 2878 (Martius.
534 2818 727 2868 Iisdem
766 2838 834 2868 ex
877 2819 1006 2869 locis
1041 2819 1093 2868 in
1125 2817 1288 2868 Her-b.
1320 2821 1422 2868 Ae.
1456 2818 1593 2887 Imp.
1625 2816 1823 2886 Petrop
1859 2827 1911 2867 et

39 2881 214 2947 Frln.,
254 2906 286 2935 α
324 2887 390 2939 cl.
430 2907 463 2936 α
494 2885 849 2958 Langsdorff
883 2889 1117 2953 missas.)
1149 2919 1217 2926 -—
1247 2888 1434 2956 Aprili
1475 2898 1525 2938 et
1566 2886 1747 2937 JWaio.
1790 2894 1872 2954 Ἀ.

479 3023 550 3064 63.
593 3028 962 3065 PASPALUS
1017 3027 1375 3064 PULCHER.
1425 3019 1452 3070 †

160 3109 220 3156 P.
261 3110 427 3175 spicis
461 3113 700 3178 pluribus
739 3113 1122 3179 approximatis
1169 3112 1490 3180 fastigiatis,
1541 3109 1725 3159 rhachi
1760 3125 1905 3158 com-

26 3176 169 3223 muni
216 3179 415 3242 pilosa,
476 3184 695 3248 propria
740 3184 892 3250 plana
938 3182 1032 3231 sub
1078 3182 1299 3248 spiculis
1343 3183 1687 3248 margineque
1733 3180 1905 3244 papil-

27 3240 372 3313 loso—setosa
409 3253 628 3317 spiculis
659 3252 928 3302 biseriatis
969 3252 1210 3320 aequali,
1253 3252 1447 3319 glumis
1493 3252 1664 3300 ovatis
1709 3251 1907 3315 piloso-

30 3312 258 3389 scabris‚
292 3321 462 3369 culmo
490 3322 765 3386 simplice,
816 3322 1021 3388 vaginis
1052 3320 1281 3388 glabris,
1321 3322 1467 3369 foliis
1508 3320 1746 3386 angustis
1792 3317 1905 3383 pla-

24 3395 110 3429 ms
152 3383 265 3431 basi
297 3405 450 3452 supra
478 3392 669 3456 pilosis
702 3393 1050 3458 margineque
1086 3390 1278 3440 baseos
1313 3391 1471 3456 longe
1514 3388 1725 3438 ciliatis.

164 3455 418 3504 Panicum
457 3461 762 3525 pulchrum,
814 3459 1005 3509 J‘Villcl.
1053 3458 1213 3508 Herb.
1263 3459 1376 3522 (Ab
1407 3455 1754 3507 lfmnholdlio
1795 3462 1905 3501 lra-

229 3522 418 3574 a'ilezm.
505 3530 599 3575 An,
659 3529 840 3596 ilasjzze
895 3529 1055 3595 lezzjtzs
1112 3527 1217 3576 loci
1284 3545 1629 3596 szoleyvnon
1681 3521 1906 3588 Pel-§pali

236 3594 389 3641 aurei
460 3594 655 3646 Humb.
736 3608 786 3646 et
855 3597 951 3660 Ῑ1.,
1044 3616 1078 3645 α
1134 3597 1285 3646 nobls
1347 3596 1582 3663 Perspctlo
1656 3595 1900 3641 immerso
