2100 3882
79 169 85 173 ’
142 168 214 222 64
718 160 1072 216 Gnantmmn.
1143 163 1440 219 Pssumis.

455 330 526 381 48.
582 332 950 374 PASPALUS
1006 330 1708 385 ARGUS'r1F0L1Us.†

285 426 346 473 P.
386 422 550 488 spicis
585 419 853 469 subternis
882 419 1103 469 alternis
1133 424 1545 488 approximatis,
1595 423 1779 474 rhachi
1812 423 2020 493 trique-

146 506 225 544 tra
259 494 483 560 spiculis
515 490 678 556 triplo
713 490 1052 556 angustiore,
1115 494 1309 558 glumis
1346 494 1603 561 'oblongis
1657 494 2024 562 quinquener-

146 566 248 616 viis
285 560 673 631 glah1·iusculi5‚
707 559 854 609 foliis
886 559 1108 609 hirsutis
1144 560 1513 626 filiformibus,
1553 563 1877 615 radicalibus
1912 564 2025 616 cul-

144 651 288 683 mum
321 628 696 698 aequantibus73

284 718 565 785 Paspalum
597 716 832 781 lineare,
892 713 1042 767 Trin.
1074 715 1214 785 izied.

282 817 331 863 β.
373 805 563 875 glumis
594 806 935 858 transversim
966 806 1247 857 undulatis.

282 895 454 945 Radix
483 893 774 961 caespitem
802 894 1116 960 proferens,
1169 895 1393 958 fibrosa,
1447 894 1597 945 fibris
1633 896 1825 948 crassis
1865 913 2026 963 spon-

147 965 316 1035 giosis
351 964 627 1015 tortuosis.
716 964 870 1013 Folia
918 964 1171 1013 radicalia
1209 966 1455 1032 copiosa,
1511 983 1538 1015 2
1574 967 1782 1032 pedalia
1822 977 1874 1016 et
1911 967 2028 1017 lon-

148 1038 333 1104 giora,
393 1032 1067 1098 complicato—filiformia‚
1131 1036 1340 1094 striata,
1397 1052 1497 1084 una
1537 1053 1654 1085 cum
1699 1036 1900 1104 vaginis
1941 1036 2026 1103 pi-

147 1107 217 1156 lis
256 1105 431 1173 longis
481 1103 614 1153 albis
665 1120 693 1152 e
740 1103 1020 1154 tuberculo
1062 1105 1195 1154 ortis
1237 1105 1439 1153 villosa.
1553 1107 1723 1156 Culmi
1759 1110 1820 1172 2}
1855 1108 2025 1172 pedes

144 1177 269 1235 alti,
333 1176 411 1224 fili
445 1173 766 1239 emporetici
799 1175 1070 1233 crassitie,
1126 1174 1401 1236 trinodes,
1458 1177 2021 1243 compresso-subtri-

143 1246 303 1313 goni,
371 1246 575 1305 laeves,
641 1243 853 1291 viriduli
908 1245 987 1294 vel
1039 1242 1412 1310 amethystini3
1476 1247 1604 1295 nodi
1655 1245 2012 1302 crassiusculi‚

142 1317 308 1365 dense
341 1314 553 1363 hirsuti.
626 1314 866 1380 Vaginae
898 1314 1219 1363 internodiis
1245 1314 1543 1377 breviores,
1582 1315 1874 1365 inferiores
1905 1331 2020 1364 arc-

140 1397 247 1445 tae,
288 1385 524 1441 villosae,
563 1384 871 1449 superiores
899 1384 1132 1450 glabrae,
1172 1386 1411 1450 margine
1442 1386 1598 1433 etiam
1631 1402 2017 1451 saepenumero

140 1456 346 1513 nudae,
386 1454 709 1520 aliquantum
743 1451 973 1504 inflatae.
1045 1455 1234 1520 Ligula
1265 1454 1462 1514 brevis,
1504 1455 1675 1513 fusca,
1715 1456 1770 1504 in
1807 1472 2020 1521 parvam

143 1524 433 1575 auriculam
473 1523 744 1572 lateralem
778 1524 1028 1592 utrinque
1064 1524 1289 1575 dilatata.
1365 1525 1518 1574 Folia
1552 1527 1753 1574 caulina
1792 1524 2017 1590 compli-

143 1592 619 1652 cato-filisormia,
685 1593 837 1643 valde
868 1609 1204 1660 compressa,
1269 1594 1500 1659 hirsuta,
1566 1595 1804 1644 infimum
1847 1595 2017 1645 6-8

141 1666 373 1733 pollices
407 1665 652 1729 longum,
719 1662 951 1711 medium
989 1680 1139 1712 1—9.
1175 1663 1465 1730 pollicare‚
1518 1683 1821 1731 supremum
1857 1664 2018 1713 mini-

142 1753 316 1795 mum,
368 1734 535 1786 4-6
571 1732 739 1782 lineas
770 1732 1016 1800 longum,
1069 1735 1379 1783 subulatum.
1474 1737 1690 1785 Culmus
1726 1736 1822 1784 sub
1852 1734 2019 1801 spicis

141 1806 343 1863 nudus,
384 1802 633 1870 graciliS,
673 1803 917 1863 striatus,
956 1803 1158 1870 glaber.
1233 1804 1425 1868 Spicae
1450 1807 1654 1855 ratione
1686 1804 1844 1854 culmi
1875 1821 2020 1854 cras·

144 1892 262 1933 sae,
303 1884 548 1923 erectae:
588 1872 641 1919 in
672 1872 790 1920 aliis
819 1874 1095 1939 geminae3
1135 1874 1190 1921 in
1225 1874 1341 1927 alifis
1373 1885 1587 1937 ternae,
1628 1875 1891 1935 alternae,
1929 1873 2020 1922 ad-

141 1945 500 2011 proximatae,
562 1941 647 1992 vel
685 1960 916 1991 summae
959 1945 1256 2009 geminatae
1301 1943 1563 1995 inferiore
1604 1943 1981 1994 remotiuscula
2000 1959 2027 2006 3⁷

151 2016 207 2080 1}
227 2029 337 2061 —2
371 2012 598 2079 pollices
628 2010 838 2078 longae,
878 2012 993 2060 basi
1019 2013 1244 2062 hirsutie
1272 2014 1538 2065 barbatae.
1611 2015 1845 2064 Rhachis
1872 2030 2019 2062 com-

144 2085 320 2133 munis
367 2082 1024 2149 compresso-triquetra,
1093 2088 1332 2150 margine
1376 2086 1586 2145 scabra,
1645 2085 1809 2150 6—-9
1848 2084 2018 2132 lineas

143 2153 336 2219 longa3
390 2151 615 2200 rhaches
643 2153 898 2216 propriae
927 2153 1240 2220 triquetrae,
1280 2153 1811 2216 undam-flexuosae,
1853 2153 2016 2202 dorso

144 2240 314 2273 nervo
357 2222 561 2271 elevato
605 2232 843 2281 notatae,
905 2222 1149 2288 glabrae,
1211 2224 1450 2289 margine
1487 2226 1734 2283 scabrae,
1794 2222 2017 2289 spiculis

143 2293 262 2361 plus
300 2309 455 2360 quam
487 2290 652 2355 triplo
683 2292 1040 2357 angustiores,
1115 2292 1361 2357 Spiculae
1397 2295 1698 2354 solitariae,
1740 2293 1874 2342 callo
1901 2293 2024 2341 sub-

144 2363 370 2411 barbato
404 2362 656 2419 insertae,
697 2361 913 2410 omnino
947 2362 1192 2421 sessileS‚
1231 2380 1258 2411 2
1290 2363 1457 2414 lineas
1488 2365 1698 2430 longae,
1737 2363 1896 2412 oblon
1941 2378 2020 2421 ae,

147 2432 395 2495 obtusae,
453 2432 746 2479 introrsum
791 2449 977 2496 parum
1014 2448 1312 2493 convexae,
1372 2435 1673 2483 alternatim
1718 2380 2019 2499 contigffae.

147 2503 371 2553 Glumae
401 2502 544 2550 inter
572 2517 656 2562 se,
710 2512 764 2549 et
788 2499 1010 2551 flosculo
1046 2503 1322 2569 aequales,
1375 2504 1862 2571 quinquenerviae,
1902 2503 2025 2550 her-

144 2571 374 2631 baceae,
416 2569 662 2637 glabrae,
712 2571 893 2620 nervis
923 2571 1314 2621 scabriusculiS.
1371 2575 1591 2624 Glumae
1624 2573 1901 2620 inferioris
1937 2587 2023 2619 ca-

145 2641 353 2706 lycinae
381 2640 630 2687 minimae
661 2650 932 2689 truncatae
959 2642 1316 2690 rudimentum
1349 2644 1409 2690 ad
1442 2643 1592 2691 basin
1629 2642 1835 2708 glumae
1862 2657 2022 2706 supe-

139 2711 345 2768 1ioris,
412 2709 573 2775 (quae
605 2725 794 2758 revera
836 2721 914 2758 est
946 2708 1200 2759 flosculus
1238 2711 1467 2760 inferior
1505 2723 1695 2760 neuter
1730 2710 2018 2771 univalvis)

148 2781 205 2829 in
247 2778 346 2827 hac
399 2777 582 2843 specie
625 2778 987 2845 distinguitur.
1081 2780 1360 2830 Flosculus
1409 2783 1465 2830 in
1511 2782 1694 2830 fructu
1736 2780 2019 2846 oblongus,

148 2849 396 2899 minutim
431 2848 797 2913 punctulatus,
836 2849 1050 2915 glaber,
1092 2848 1336 2914 pallidus.

290 2933 515 2983 Habitat
552 2953 598 2984 οι.
636 2935 688 2983 in
729 2934 858 2984 altis
886 2933 1215 3004 planitiebus
1250 2936 1505 3005 Cltapada
1537 2936 1603 2986 do
1637 2935 1894 2986 Parana'n
1920 2934 2026 2984 dic-

148 3006 216 3056 tis
257 3023 440 3054 versas
476 3003 767 3072 Contagem
803 3005 867 3054 de
896 3003 950 3055 S.
983 3003 1210 3069 Maria,
1277 3008 1437 3067 etad
1472 3004 2024 3076 Flumenformosum

143 3074 549 3145 provinciarum
585 3073 917 3142 Goyazanae
946 3085 996 3125 et
1025 3075 1313 3125 Diinaram
1353 3076 1689 3141 (Martius),-
1713 3104 1782 3114 ——·
1829 3075 1900 3124 ad
1926 3072 2028 3123 Fa-

150 3143 317 3196 zenda
354 3143 420 3192 do
459 3141 815 3193 Borraclzado
858 3143 1129 3195 Brasiliae
1168 3144 1455 3212 (Sellow),
1534 3147 1587 3195 in
1630 3145 1891 3195 umbrosis
1930 3143 2028 3193 Iza-

149 3213 303 3267 midis
344 3212 562 3276 montis,
631 3211 793 3263 Serra
853 3215 923 3263 da
974 3214 1135 3282 Lapa
1191 3217 1320 3264 dicti
1361 3236 1518 3283 prov.
1570 3213 1892 3276 Minarum,
1962 3219 2029 3276 (a

154 3276 537 3351 Langsdorff)
566 3313 637 3320 --
697 3283 753 3334 V.
797 3293 843 3333 β.
877 3304 994 3334 cam
1021 3286 1374 3352 praecedente
1415 3284 1732 3350 (Illartius.)
1766 3315 1836 3323 —-
1901 3281 2030 3343 Sep·

151 3352 372 3416 tembri,
414 3350 657 3415 Octobri,
709 3353 1015 3403 Novembri.
1060 3362 1141 3421 22..
1205 3356 1261 3404 V.
1301 3366 1349 3404 et
1381 3356 1432 3406 ιή
1463 3353 1628 3404 Herb.
1661 3353 1796 3422 Reg.
1835 3351 2025 3403 Berol.

153 3434 201 3474 et
235 3423 289 3473 in
321 3419 489 3471 Herb.
516 3422 693 3470 Acad.
730 3421 864 3491 Imp.
897 3422 1113 3492 Petrop.
1151 3434 1202 3474 et
1242 3423 1391 3474 Trin.

290 3510 570 3562 Observ.
609 3513 644 3558 I.
718 3513 884 3562 Foliis
916 3513 1272 3579 longissimis,
1313 3509 2028 3581 complicato-filiformibus

155 3593 208 3629 et
242 3580 561 3648 spicularum
588 3577 755 3648 figura
785 3583 848 3632 ab
882 3584 1129 3634 omnibus
1160 3582 1459 3635 confinibus
1492 3582 1715 3633 recedit.
1783 3583 2030 3647 Paspa·
