2100 3882
24 99 32 103 ’
85 100 437 150 Gemmeus.
523 97 877 149 Onsenvxno
932 111 1230 147 emoromca
1277 113 1345 147 ET
1393 110 1755 144 oEcoxofflca.
1829 95 1928 146 565

219 245 453 296 Perinde
501 261 631 294 vero
682 243 782 294 hoc
835 259 1049 309 gramen
1097 241 1435 292 utilissimum
1501 241 1636 289 intra
1686 241 1921 307 tropicos

84 313 324 364 circulos·
350 314 531 381 quavis
567 313 706 362 coeli
753 315 1044 376 temperie,
1093 312 1197 359 nisi
1246 310 1495 377 frigidior
1541 311 1638 367 sit,
1703 320 1921 359 conten-

82 393 189 430 tum
226 383 464 439 videtur,
519 392 571 429 et
616 380 819 428 diversa
858 381 957 429 soli
996 379 1298 429 conditione
1333 377 1554 445 gaudet,
1592 393 1691 427 nec
1726 378 1787 426 ab
1823 378 1918 426 hu-

79 451 238 499 midis
287 467 384 499 nec
432 450 494 498 ab
542 448 698 496 siccis
748 448 1067 506 abhorrens,
1129 449 1414 514 eademque
1451 446 1657 495 ratione
1694 446 1746 493 in
1784 446 1917 508 locis

82 536 265 583 parum
319 534 476 582 super
520 517 787 566 Oceanum
843 516 1060 565 elevatis
1095 517 1177 565 vel
1215 517 1269 564 in
1305 516 1423 564 altis
1459 515 1722 565 montibus
1758 531 1916 581 vege-

79 598 209 635 tans.
295 589 413 635 Hoc
461 597 631 633 tamen
680 585 930 640 interest,
995 584 1135 651 quod
1197 583 1483 633 secundum
1536 584 1636 632 soli
1680 583 1826 632 vices
1865 595 1919 632 et

79 655 435 721 magnitudine
473 654 763 702 culmorum
802 663 854 702 et
892 655 1037 701 succi
1075 653 1414 719 saccharique
1452 653 1740 719 quantitate
1780 670 1918 700 sum·

76 741 291 789 mopere
331 720 526 784 'variet3
564 734 616 770 et
652 721 865 789 quidem
901 722 954 769 in
995 737 1189 789 genere
1225 722 1389 782 valet,
1429 722 1482 770 id
1512 722 1669 770 humo
1707 721 1913 787 pingui,

69 793 250 858 nigra,
305 791 516 847 subtili,
570 790 709 840 lenta
756 790 1039 846 delectari,
1091 807 1223 856 quae
1273 789 1432 838 nimia
1470 790 1785 838 insolatione
1823 790 1913 838 vix

72 860 295 909 obnoxia
344 860 599 908 imbribus
653 871 737 908 aut
785 857 1126 907 inundatione
1181 858 1401 907 subinde
1439 857 1720 908 reficiatur.
1794 861 1913 908 Hoc

68 946 195 976 vero
234 929 333 977 soli
371 946 564 994 genus,
602 928 794 977 incolis
831 924 1092 991 ssslassape'
1131 927 1357 988 dictum,
1405 926 1778 976 diversissimis
1814 927 1913 975 im-

69 998 206 1060 perii
244 998 551 1064 regionibus
588 997 879 1045 invenitur:
920 996 974 1044 in
1013 995 1278 1060 depressis
1308 995 1448 1059 juxta
1487 1014 1627 1045 mare
1664 994 1911 1056 (Marin-

66 1066 184 1127 lms)
224 1083 320 1130 per
353 1066 653 1131 provincias
683 1067 736 1115 S.
769 1064 934 1123 Pauli,
975 1064 1573 1129 Sebastianopolitanam
1601 1076 1654 1113 et
1679 1065 1734 1113 in
1770 1080 1910 1114 cam-

65 1136 146 1199 pis
193 1137 577 1197 Goyatacazes,
632 1135 686 1182 in
736 1135 876 1183 omni
932 1133 1130 1182 ambitu
1188 1131 1555 1196 (Reconcavo)
1608 1134 1747 1182 sinus
1795 1151 1907 1182 om-

66 1205 209 1251 nium
249 1205 557 1252 Sanctorum
593 1201 794 1259 (Balu'a
832 1202 894 1250 de
930 1202 1079 1249 todos
1114 1218 1171 1249 os
1208 1199 1449 1262 Santos),
1490 1219 1638 1251 secus
1689 1201 1905 1250 fluvium

70 1275 122 1323 S.
180 1272 449 1320 Francisci
503 1273 555 1320 in
612 1273 870 1320 Minarum
932 1271 1205 1337 provincia
1267 1271 1488 1337 passim,
1553 1287 1650 1320 nec
1698 1289 1802 1321 non
1848 1272 1904 1320 in

61 1341 379 1406 provinciis,
442 1357 574 1407 quae
623 1340 746 1390 inde
800 1357 981 1390 versus
1022 1342 1449 1404 Septentrionem
1496 1350 1706 1406 patent3
1760 1340 1903 1407 quod

62 1410 273 1475 quidem
322 1420 495 1458 terrae
549 1426 743 1474 genus,
812 1410 1007 1458 detrito
1059 1409 1261 1457 cuidam
1325 1426 1446 1459 saxo
1510 1409 1678 1465 illius,
1742 1418 1898 1476 quem

61 1479 367 1543 Flotztrapp
405 1477 583 1526 dicunt
607 1515 618 1536 ,
658 1478 857 1526 ordinis
896 1477 1156 1542 originem
1194 1478 1410 1542 debere,
1450 1475 1635 1536 nobis,
1677 1479 1753 1525 uti
1793 1477 1896 1527 alio

58 1546 157 1610 jam
196 1547 312 1595 loco
350 1541 932 1612 (Reiscbeschreibung
968 1549 1033 1594 ΙΙ.
1071 1563 1121 1610 p.
1158 1549 1295 1609 7¹7·)
1332 1547 1669 1605 tradidimuS,
1716 1548 1897 1595 statuit

60 1633 275 1662 NAxom,
312 1633 582 1664 FEnREmA
634 1633 704 1663 DA
761 1631 1007 1671 CAMARA,
1063 1615 1142 1664 vir
1194 1615 1700 1681 praestantissimus,
1756 1617 1896 1664 inter

57 1684 414 1750 Miner-alogos
466 1685 624 1733 variis
664 1685 876 1748 seriptis
914 1684 1154 1748 inclytus.
1227 1686 1434 1734 Certam
1471 1701 1567 1734 nos
1606 1685 1669 1733 de
1705 1683 1799 1732 hac
1837 1702 1894 1733 re

57 1754 364 1817 opinionem
399 1752 452 1800 in
489 1752 718 1801 medium
752 1752 999 1818 proferre
1037 1763 1312 1811 verentes,
1368 1754 1425 1802 id
1472 1770 1629 1801 unum
1676 1769 1893 1801 monen-

57 1821 175 1868 dum
224 1821 506 1879 habemus,
567 1833 759 1869 terram
808 1818 1069 1886 Illassape'
1118 1822 1311 1869 dictam
1351 1821 1497 1871 vario
1547 1823 1602 1869 in
1654 1839 1893 1871 saxorum

53 1906 279 1954 genere,
319 1890 372 1937 in
410 1891 612 1955 granite
642 1891 867 1950 scilicet,
906 1890 1136 1956 gneisw,
1177 1890 1374 1939 schisto
1401 1890 1683 1956 argillaceo
1723 1908 1890 1958 aeque

52 1973 109 2006 ac
147 1960 197 2005 in
238 1958 505 2017 ealeareo,
544 1976 699 2025 quem
737 1970 1090 2007 transeuntem
1129 1959 1319 2017 dicunt,
1360 1959 1514 2007 nobis
1551 1975 1667 2007 esse
1707 1959 1889 2008 obser-

47 2039 247 2088 vatam3
296 2044 493 2092 porro,
545 2028 749 2076 ratione
793 2026 968 2076 habita
1017 2028 1347 2076 diversorum
1398 2028 1665 2087 locorum,
1719 2027 1889 2077 videri

51 2096 382 2162 verosimile,
419 2095 628 2144 humum
665 2096 1027 2145 destructione
1066 2108 1334 2160 pratorum
1371 2097 1759 2162 primaevorum
1795 2096 1889 2145 flu-

48 2175 221 2211 ctuum
255 2164 462 2213 actione
498 2177 695 2229 partam
744 2164 799 2212 in
852 2165 956 2214 tale
1005 2165 1104 2213 soli
1163 2182 1327 2231 genus
1377 2165 1643 2214 subactam
1698 2164 1886 2215 fuisse.

51 2234 109 2280 ld
148 2233 358 2299 quidem
382 2269 394 2292 ,
433 2234 477 2281 si
512 2232 640 2282 fides
676 2231 912 2280 habenda
949 2235 1438 2299 peregrinantibus,
1490 2252 1623 2302 quos
1677 2235 1742 2284 de
1789 2235 1898 2283 hac

47 2318 108 2349 re
147 2304 467 2350 disserentes
505 2300 824 2360 audivimus,
876 2303 1160 2368 praecipue
1209 2303 1343 2352 valet
1391 2303 1456 2351 de
1512 2302 1708 2367 cam‘pis
1743 2303 1883 2352 inter

45 2372 238 2418 Lacum
275 2371 486 2419 foedum
527 2369 770 2436 (silogoa
795 2365 949 2436 feja)
997 2383 1050 2419 et
1101 2369 1317 2420 fluvium
1355 2368 1586 2419 Paraiba
1626 2388 1880 2439 secusque

45 2440 187 2504 ripas
236 2437 380 2487 fluvii
430 2437 691 2487 llsluriahe'
738 2440 1072 2505 patentibus,
1124 2440 1254 2489 mira
1308 2440 1541 2490 sacchari
1596 2441 1877 2490 fertilitate

43 2508 215 2556 claris.
288 2509 558 2557 Caeterum
609 2525 676 2556 ne
715 2508 955 2558 omnibus
997 2510 1206 2575 quidem
1245 2509 1375 2558 locis
1414 2528 1660 2576 aquarum
1698 2511 1750 2557 in
1788 2527 1874 2560 so·

42 2576 147 2622 lum
187 2578 323 2624 actio
360 2577 492 2625 hanc
529 2577 775 2625 saccharo
815 2577 1057 2626 idoneam
1096 2579 1358 2644 paravisse
1407 2579 1665 2637 indolem,
1719 2579 1873 2645 regio

38 2645 225 2709 probat
263 2661 413 2693 secus
451 2647 768 2694 Amazonum
801 2643 993 2695 flumen
1033 2659 1275 2707 extensa,
1327 2665 1480 2714 quam
1528 2648 1653 2697 licet
1700 2649 1873 2696 conti-

36 2714 153 2760 nuis
201 2712 448 2761 {luctuum
500 2714 840 2763 inundatione
889 2715 1167 2764 obnoxiam
1215 2731 1314 2765 nec
1366 2716 1584 2766 multum
1634 2717 1868 2766 sacchari

34 2798 131 2830 nec
181 2783 346 2830 bonae
398 2783 715 2832 conditionis
762 2799 1075 2848 procreare,
1143 2795 1359 2834 constat.
1433 2785 1592 2849 Cujus
1629 2787 1711 2834 rei
1745 2802 1866 2834 cau-

38 2866 140 2897 sam
180 2850 383 2898 incolae
422 2851 475 2897 in
511 2867 680 2899 macra
729 2851 895 2916 ipsius
943 2863 1114 2901 terrae
1150 2853 1451 2903 conditione
1488 2854 1709 2919 positam
1749 2870 1865 2904 esse

35 2919 271 2971 tradunt,
328 2919 521 2986 quippe
561 2936 691 2986 quae
730 2930 936 2968 constet
972 2920 1083 2969 limi
1119 2923 1296 2970 stratis
1333 2935 1451 2973 octo
1488 2924 1547 2972 ad
1585 2923 1865 2973 duodecim

38 2988 228 3052 pedum
280 2988 554 3036 altitudine
591 2986 818 3036 fluminis
856 2989 1055 3052 impetu
1093 2990 1206 3038 aliis
1244 2991 1490 3057 argillae,
1537 2992 1669 3042 varii
1719 2993 1861 3041 colo-

36 3057 128 3111 ris,
170 3056 440 3120 impositis
491 3060 605 3105 Hac
641 3057 803 3122 igitur
839 3058 892 3103 in
930 3058 1143 3123 imperii
1180 3059 1327 3126 plaga
1366 3061 1660 3110 sacchareta
1686 3078 1859 3110 remo-

33 3122 261 3171 tioribus
296 3142 322 3171 a
359 3122 572 3173 flumine
607 3125 770 3185 lociS‚
826 3143 959 3193 quae
997 3127 1149 3175 altius
1186 3127 1282 3176 sita
1319 3146 1567 3196 aquarum
1603 3130 1858 3177 vicissitu-

36 3191 160 3238 dine
195 3192 362 3240 minus
399 3194 503 3242 sint
538 3194 780 3253 obnoxia,
816 3194 1087 3259 plantanda
1115 3208 1266 3259 sunt3
1300 3215 1491 3267 neque,
1525 3200 1650 3266 quin
1667 3198 1858 3262 passim

33 3259 179 3307 fundi
219 3259 415 3309 ibidem
450 3261 675 3311 inveniri
725 3274 975 3328 possent,
1029 3266 1118 3331 qui
1168 3266 1420 3316 serendae
1468 3261 1707 3315 arundini
1746 3281 1889 3314 sac-1

39 3327 328 3381 chariserae
363 3341 536 3380 essent
572 3332 826 3398 aptissimi
861 3332 1183 3394 dubitamvs,
1221 3351 1482 3385 memores
1528 3335 1748 3400 inclytae
1786 3334 1863 3384 fa·
