2100 3882
179 101 282 153 592

182 248 317 295 Tota
352 243 522 293 refert
559 241 787 291 candore
826 241 975 290 nives
1010 239 1150 289 basis
1187 241 1381 307 ampla,
1420 240 1676 307 nigrescit

183 335 423 383 Summus
473 347 634 397 apex3
686 328 860 377 medio
914 327 1158 377 variatam
1207 345 1433 395 corpore
1481 346 1727 388 massam,

184 422 452 486 Mixtaque
502 416 765 467 subfuscis
824 417 957 464 male
1017 414 1234 465 candida
1281 415 1524 465 sacchara
1579 433 1786 468 cernes.

184 511 305 557 Non
342 505 618 573 equidem,
656 521 764 552 non
798 502 895 550 ista
933 503 1085 551 simul
1121 502 1419 562 miscenda,
1460 503 1673 571 locique

186 594 463 646 Insolanda
498 592 598 641 tibi
632 592 775 640 nullo
816 589 1150 653 discrimine3
1188 602 1364 656 partes
1625 588 1641 590 d

184 685 255 733 At
290 684 472 732 saltem
507 679 562 728 in
599 679 832 746 geminas
872 694 931 726 ea
968 677 1176 727 divide:
1218 679 1461 727 sacchara
1498 676 1631 727 fines

184 771 320 821 Alba
361 786 514 828 suos,
566 768 812 834 proprias
861 765 1086 815 habeant
1120 782 1226 814 non
1264 765 1480 814 candida
1519 765 1690 815 sedes.

185 859 360 917 Hinc,
402 857 544 907 velut
581 855 772 904 areolis
810 853 1117 903 describere
1155 853 1360 903 villicus
1395 853 1608 903 hortum

190 949 393 996 Doctus
432 936 596 1004 amat,
645 931 901 1009 tonsaque
953 941 1061 990 vias
1109 939 1436 1006 distinguere
1472 940 1641 1001 buxo,

196 1035 285 1084 Sic
323 1033 547 1082 tabulata
585 1030 759 1097 prius,
797 1040 907 1078 rata
943 1045 1040 1094 per
1078 1027 1411 1088 discrimina,
1464 1029 1677 1096 quadris

200 1121 572 1186 Descripsisse
608 1118 776 1185 juvat,
815 1116 1126 1181 diversaque
1167 1115 1410 1165 sacchara
1448 1117 1609 1166 certis

190 1211 403 1260 Ponere
440 1224 677 1276 quaeque
713 1205 862 1254 locis.
933 1205 1052 1252 Huc
1089 1203 1251 1252 indita
1287 1203 1453 1252 frusta
1488 1204 1727 1254 minutim

190 1297 410 1348 Caedite
432 1332 444 1356 ,
483 1313 582 1345 nec
617 1295 794 1361 pigeat
830 1292 1363 1350 rastelloevolvere,
1405 1303 1457 1341 et
1491 1310 1696 1342 omnem
1920 1328 1941 1334 -

192 1387 340 1460 Quae
378 1385 636 1451 prodesse
675 1382 835 1440 solet,
875 1378 1133 1428 siccandis
1172 1378 1366 1427 addere
1407 1399 1597 1430 curam.

192 1478 306 1525 Nec
344 1490 488 1522 mora
524 1474 710 1536 longa:
753 1468 863 1526 die,
905 1484 1007 1534 quo
1043 1467 1263 1516 frustula
1302 1468 1404 1516 rite
1443 1482 1725 1534 vaporem,

192 1564 348 1611 Haud
387 1578 517 1627 opus
555 1569 634 1607 est
670 1555 871 1614 solidO,
912 1555 1118 1621 quoties
1157 1555 1362 1604 Titania
1396 1557 1594 1623 lampas

197 1652 430 1702 Illustrat
464 1665 598 1714 puro
637 1645 897 1711 subjectas
932 1644 1132 1692 lumine
1168 1655 1354 1693 terras„

336 1735 526 1786 Omnia
564 1752 676 1784 cum
717 1733 956 1798 penituS,
996 1731 1247 1797 disperso
1275 1731 1526 1790 humore,
1566 1731 1831 1794 rigescunt

197 1825 486 1882 Sacchara,
524 1833 846 1888 postremum
885 1837 1159 1870 vernarum
1196 1819 1319 1867 tuba
1354 1819 1587 1867 laborem

196 1912 532 1979 Expediunt:
573 1928 693 1975 pars
730 1908 899 1958 frusta
933 1907 1092 1974 legit:
1131 1924 1252 1973 pars
1290 1923 1410 1956 vase
1450 1919 1719 1973 reportat,

197 2000 467 2049 Pondcrat
502 2010 554 2047 et
581 1998 752 2046 libra:
793 1996 965 2060 longis
1002 2013 1124 2061 pars
1158 1995 1321 2043 altera
1360 1994 1506 2043 cistis

201 2088 422 2146 Condit,
478 2097 531 2134 et
580 2086 779 2133 alterne
833 2083 1095 2148 geminato
1145 2084 1394 2133 verberat
1439 2083 1573 2141 ictu,

200 2176 530 2241 Pistillisque
567 2171 786 2239 premit,
828 2171 997 2220 donec
1036 2188 1158 2220 cava
1194 2171 1388 2220 robora
1425 2171 1636 2219 tandem

198 2265 452 2330 Replcat,
490 2272 542 2309 et
579 2259 768 2311 validis
807 2256 986 2324 alligat
1023 2260 1270 2323 opercula
1309 2259 1483 2309 clavis.

196 2353 419 2401 Ultimus
454 2349 543 2398 hic
575 2348 751 2397 labor:
790 2347 890 2396 hoc
930 2347 1107 2412 plures
1145 2357 1419 2396 servantur
1456 2346 1510 2393 in
1546 2363 1709 2396 annos

203 2439 461 2491 Saccliara
486 2472 498 2496 ,
535 2452 634 2486 nec
674 2447 868 2484 tantum
905 2434 1090 2499 patriis
1129 2435 1442 2485 commercia
1478 2436 1638 2483 terris

197 2527 537 2591 Deliciasque
577 2535 784 2589 parant,
823 2540 1004 2572 verum
1043 2533 1094 2570 et
1130 2533 1272 2571 trans
1312 2539 1538 2589 aequora
1578 2540 1778 2573 summo

202 2617 491 2667 Vectantur
527 2611 701 2678 pretio
725 2648 738 2672 ,
776 2609 1083 2676 magnisque
1123 2609 1344 2676 imposta
1384 2611 1576 2659 carinis

204 2706 373 2751 Trans
412 2700 617 2749 Abilam
653 2710 705 2747 et
740 2699 963 2764 Calpen,
1001 2696 1305 2764 gelidasque
1342 2697 1586 2747 feruntur
1622 2698 1686 2747 ad
1721 2698 1936 2748 Arctos·

209 2792 384 2863 Quare
421 2789 579 2847 haec,
631 2786 884 2834 Brasiliae
924 2802 1074 2851 quam
1112 2785 1305 2834 donant
1339 2787 1585 2845 nomine,
1632 2787 1788 2836 tellus

206 2881 326 2927 Non
365 2875 526 2942 magis
564 2893 591 2923 a
626 2874 836 2940 populis
870 2872 1106 2921 laudatur
1141 2874 1335 2940 ubique
1373 2874 1627 2933 remotis,

209 2956 377 3032 Ligna
416 2962 557 3029 quod
593 2961 780 3010 eximia
819 2960 1044 3019 enutrit,
1105 2961 1339 3025 pretiosa
1377 2962 1518 3029 quod
1560 2961 1678 3011 altis

210 3053 444 3101 Balsama
476 3048 750 3115 profundit
787 3048 973 3114 sylvis,
1015 3048 1156 3114 quod
1192 3049 1336 3097 foeta
1374 3050 1627 3107 metallis,

211 3141 652 3201 Gemmarumque
688 3135 863 3192 ferax,
905 3135 1201 3185 adamantes
1239 3123 1409 3203 gignit
1446 3147 1498 3184 et
1536 3152 1748 3194 aurum,

211 3228 380 3305 Quam
411 3222 552 3291 quod
582 3222 874 3272 sacchareis
914 3234 1101 3271 oneret
1137 3224 1379 3272 convivia
1428 3206 1609 3283 donis,

211 3312 615 3380 Ambrosiisque
663 3309 833 3377 epulis
872 3318 1147 3375 utrumque
1192 3310 1432 3362 beaverit
1476 3311 1676 3362 orbem.

860 3462 1403 3487 ¹—-—-—-——-
