2100 3882
332 456 963 516 PRUDENTII
1045 458 1602 523 AMARALII

657 589 1172 642 BRAstLOENS
1192 594 1262 643 Is

167 713 315 768 DE
396 711 1068 770 SAcoHARI
1146 693 1809 780 0P1F1clo'

554 837 1385 932 CARMEN.

44 1034 328 1122 Brasiliae
366 1077 609 1131 segetes,
645 1064 980 1134 hyblaeoque
1019 1066 1219 1117 aemula
1255 1068 1401 1118 melli

42 1155 325 1211 Sacchara,
390 1153 693 1202 arundineis
746 1155 996 1204 stillantia
1049 1154 1294 1204 sacchara
1341 1157 1494 1205 nodis

43 1244 186 1293 Hinc
225 1258 411 1292 canere
451 1239 749 1307 aggredior.
821 1245 989 1292 Notos
1023 1242 1166 1309 juvat
1201 1242 1281 1293 ire
1319 1261 1416 1310 per
1453 1262 1630 1312 agros,

41 1334 113 1381 Et
148 1330 347 1396 patrios
386 1338 527 1377 certa
565 1328 828 1377 moderari
868 1330 985 1396 lege
1022 1331 1239 1380 colonos
1262 1367 1274 1390 ‚

47 1419 154 1467 Seu
191 1426 406 1466 canneta
445 1426 650 1473 serant,
690 1415 798 1464 aIio
838 1433 930 1465 seu
968 1429 1209 1483 tempore
1247 1433 1437 1468 cannas

48 1504 342 1569 Subjiciant
377 1503 573 1568 prelis,
614 1519 968 1572 expressaque
1007 1505 1249 1554 sacchara
1285 1518 1513 1572 purgent

47 1593 458 1656 Addensentque
514 1590 663 1657 igni3
713 1607 805 1639 seu
852 1591 955 1656 jam
1005 1592 1218 1642 densata
1267 1608 1587 1661 repurgent,

46 1684 117 1729 Et
152 1679 306 1727 niveo
337 1663 552 1726 'tandem
592 1689 781 1744 cogant
820 1678 1190 1744 splendescere
1230 1679 1391 1729 cultu.

183 1764 460 1829 Principio
501 1782 632 1831 quae
670 1776 812 1814 terra
847 1766 1023 1827 ferat,
1078 1785 1210 1835 quae
1267 1769 1404 1817 culm
1454 1786 1666 1823 reeuset

51 1855 342 1904 Cannarum
380 1863 618 1918 segetes,
656 1863 774 1901 ante
815 1853 1092 1919 explorare
1130 1866 1423 1914 memento,

52 1944 221 2019 Quam
273 1952 361 1990 tua
411 1940 688 2005 inexperto
736 1942 1008 1990 commitas
1058 1943 1256 1991 semina
1311 1959 1515 2010 campo.

52 2032 165 2078 Nec
218 2045 433 2095 magnus
488 2027 740 2076 didicisse
802 2027 981 2090 labor;
1030 2048 1145 2077 nam
1200 2030 1354 2097 gleba
1410 2033 1588 2082 colore

52 2115 307 2164 Proditnr
343 2115 455 2180 ipsa
494 2131 606 2162 suo.
680 2115 870 2164 Cannis
909 2117 1010 2164 erit
1048 2117 1134 2165 illa
1170 2117 1409 2166 ferendis

55 2203 299 2269 Optima,
337 2201 561 2249 tentanti
600 2218 732 2268 quae
769 2212 918 2266 terga
954 2204 1215 2269 nigrantia
1252 2205 1449 2268 passim

50 2289 397 2339 Praebuerit:
433 2291 550 2338 tuto
587 2288 779 2338 rubrae
817 2299 871 2336 tu
909 2288 1101 2338 deinde
1140 2292 1392 2340 secundas

52 2376 225 2427 Defer
259 2377 451 2426 humo:
493 2375 732 2425 sterilem
768 2376 1001 2425 immixta
1040 2376 1307 2427 damnabis
1346 2396 1518 2429 arena.

57 2466 162 2514 Sed
199 2464 375 2531 nigra,
420 2474 471 2512 et
510 2463 689 2512 sabulo
728 2463 825 2512 tibi
865 2463 1033 2512 sicubi
1070 2465 1220 2532 gleba
1257 2469 1433 2517 tenaci

57 2551 351 2611 Subrubet,
404 2550 543 2599 haud
580 2568 795 2618 usquam
831 2551 1021 2601 melius
1059 2556 1318 2605 succrevit
1358 2556 1585 2615 arundo,

54 2641 125 2687 Et
160 2631 318 2704 lo'nga
357 2638 611 2706 explicuit
646 2638 813 2688 nodos
850 2639 1065 2689 felicius
1101 2641 1265 2691 hasta.

63 2727 133 2774 At
171 2741 327 2784 cave,
368 2724 412 2773 si
449 2742 711 2790 propere,
750 2727 833 2774 vel
873 2727 918 2774 si
955 2728 1214 2793 prolixior
1249 2746 1451 2797 aequo,

63 2812 383 2860 Luxuriante
423 2812 536 2860 solo
560 2848 572 2870 ‚
613 2829 764 2879 seges
803 2813 961 2874 exiit,
1002 2815 1147 2863 ilicet
1183 2833 1390 2865 omnem

65 2903 201 2948 Rem
237 2899 337 2948 tibi
378 2899 670 2948 confectam
706 2911 831 2948 voto
872 2904 1097 2967 grateris
1136 2903 1296 2951 inani.

65 2984 218 3035 Heu!
257 2986 389 3034 male
426 2997 568 3035 terra
605 2985 753 3035 ferax
790 2988 930 3036 vires
969 3000 1090 3037 tunc
1129 2991 1300 3038 exerit
1323 3027 1335 3050 ,
1375 3001 1429 3040 et
1467 3007 1522 3038 se

67 3074 296 3121 Foetura
335 3072 390 3120 in
428 3073 598 3139 prima
636 3073 884 3123 diffundit
919 3074 1117 3142 largius
1153 3076 1363 3125 humor.

67 3162 151 3207 Tu
189 3158 301 3207 sine
339 3171 694 3222 mansuescat3
735 3161 880 3220 sine,
919 3162 996 3211 vis
1032 3163 1300 3213 deferveat
1340 3165 1426 3212 illa
1450 3201 1461 3223 ‚

70 3248 242 3310 Atque
294 3245 398 3294 alio
445 3246 590 3310 prius
640 3247 838 3312 injecto
886 3248 968 3298 fac
1023 3251 1258 3311 semine,
1310 3269 1522 3318 campus

71 3333 337 3397 Sylvestre
373 3333 675 3399 ingenium,
715 3346 768 3384 et
806 3352 1008 3386 morem
1044 3337 1274 3404 deponat
1312 3350 1591 3404 agrestem,

67 3419 163 3468 Ille
199 3419 412 3485 impune
450 3418 548 3468 tibi
586 3420 734 3486 prius
772 3433 860 3474 aut
893 3424 1129 3479 lasciviat
1164 3424 1347 3474 herbis
1371 3460 1385 3486 ‚

147 3536 336 3573 που
375 3535 599 3573 ΒΗΑεη.
652 3516 723 3574 11.
1231 3530 1308 3584 37
