2100 3882
33 257 187 307 Haud
225 257 346 306 satis
370 256 535 306 haec:
591 255 793 323 frigens
850 255 1113 308 ferventia
1169 261 1414 312 sacchara
1464 263 1687 317 ahenum

35 345 277 411 Excipit,
316 357 371 394 ut
405 344 623 392 nimium
662 342 856 391 sensim
891 343 1148 410 tapefacta
1185 347 1411 397 calorem

34 434 347 497 Deponant,
384 429 711 496 flammisque
748 430 931 494 procul
967 431 1199 497 sejuncta
1224 469 1236 491 ,
1274 453 1521 506 novoque

35 519 295 584 Incipiant
333 529 534 566 versata
571 516 662 564 diu
699 532 1044 566 concrescere
1081 531 1244 568 motu.

38 604 351 670 Spissandae
389 605 577 652 mirum
615 602 751 653 valet
790 602 920 652 haec
959 605 1175 672 agitatio
1213 625 1438 658 massae:

36 694 287 760 Cogitur,
350 702 404 741 et
452 703 595 740 motu
645 701 949 757 quasssante
1013 694 1247 742 tenacius
1295 695 1510 759 haeret,

34 782 94 828 In
148 779 434 845 glutenque
485 777 623 836 coit,
677 778 972 846 crustisque
1027 795 1090 827 ex
1141 793 1288 846 parte
1335 783 1569 849 rigescit.

168 869 236 915 Ut
288 865 412 914 satis
462 864 748 913 obductum
797 865 1021 926 crustis,
1076 877 1130 921 et
1176 884 1313 933 pene
1365 871 1630 940 liquorem

34 953 384 1003 Concrevisse
419 952 601 1002 vident
635 952 863 1002 densatis
899 952 1164 1017 partibus,
1215 955 1360 1005 illum

31 1041 314 1090 Fictilibus
353 1041 584 1090 condunt
621 1039 838 1101 formis,
878 1057 1009 1108 quae
1047 1040 1267 1107 cuspide
1304 1055 1482 1095 terrae
1519 1032 1529 1036 i

36 1128 296 1177 Insistunt
319 1163 331 1187 ,
389 1145 710 1194 superasque
759 1128 873 1176 basi
912 1139 1187 1179 vertuntur
1223 1130 1286 1178 ad
1324 1150 1474 1183 auras
1503 1172 1517 1196 ‚

32 1218 103 1264 Et
139 1215 358 1264 totidem
405 1215 642 1263 inversas
689 1214 933 1263 referunt
981 1216 1142 1282 longo
1195 1218 1382 1268 ordin'e
1432 1234 1616 1277 metas.

34 1305 170 1355 Vasa
208 1303 329 1351 dein
372 1302 593 1351 sublime
631 1302 832 1361 locant,
873 1304 1152 1371 longisque
1190 1319 1455 1371 reponunt

33 1390 344 1449 Asseribus,
384 1407 483 1457 qua
534 1389 729 1437 aditum
774 1389 938 1439 fundo
978 1402 1094 1455 apta
1130 1392 1388 1443 foramina
1426 1399 1676 1462 pandunt.

32 1478 136 1526 Hic
174 1477 395 1543 positis,
434 1487 579 1525 creta
613 1477 822 1541 replent
859 1495 1051 1527 summa
1090 1496 1179 1527 ora
1217 1483 1480 1546 madenti,

31 1566 335 1632 Argillaque
375 1565 572 1612 linunt:
609 1581 666 1612 ea
703 1583 788 1612 res
827 1565 1068 1615 subfusca
1108 1580 1360 1635 repurgat

37 1653 326 1714 Saechara>
366 1662 419 1701 et
454 1652 509 1699 in
546 1652 755 1700 niveum
794 1665 1011 1702 revocat
1045 1654 1208 1703 diluta
1250 1657 1514 1719 colorem,

34 1743 181 1789 Haec
221 1739 379 1800 olim,
416 1739 622 1806 vulgata
657 1738 813 1788 fidem
851 1740 897 1789 si
934 1740 1069 1790 sama
1105 1755 1370 1805 meretur,

33 1828 173 1877 Alite
212 1827 360 1876 felici
398 1828 602 1876 invanta
643 1839 722 1875 est
760 1845 872 1891 ars3
912 1847 1137 1897 namque
1174 1844 1440 1896 repertam

36 1916 240 1966 Gallina
290 1926 576 1981 praeeunte
627 1913 830 1973 ferunt,
892 1927 1177 1985 cretaeque
1237 1918 1482 1970 linendae

34 2005 488 2053 Commenstrante
525 2020 702 2061 usum,
759 2003 983 2069 pedibus
1020 2005 1139 2052 dum
1175 2004 1314 2055 forte
1354 2009 1539 2057 lutosis

37 2091 353 2153 Percurrit,
391 2091 706 2158 madidoque
747 2091 972 2158 excalpit
1006 2094 1250 2142 sacchara
1287 2107 1483 2149 rostro.

40 2181 154 2253 Qua
194 2190 400 2228 cretosa
439 2179 630 2244 pedum
669 2180 846 2245 posuit
883 2179 1133 2246 vestigia,
1181 2181 1284 2230 late

39 2268 318 2325 Candicat‚
360 2277 412 2314 et
449 2266 671 2332 reliquis
710 2284 826 2331 pars
866 2267 1102 2316 discolor
1140 2268 1227 2316 illa
1263 2269 1478 2334 pruinas

36 2354 276 2416 Retulit3
335 2353 492 2421 idque
526 2353 715 2420 aliquis
751 2354 932 2402 forsan
971 2356 1268 2419 speculatus
1306 2355 1361 2405 in
1399 2376 1549 2407 usum

33 2442 241 2503 Vertit,
281 2453 333 2490 et
372 2441 567 2489 albenti
604 2441 875 2489 nituerunt
913 2442 1153 2492 sacchara
1190 2445 1348 2492 cultu.

167 2531 244 2578 Ne
290 2530 460 2577 minus
504 2529 699 2577 eniteat
747 2529 976 2587 candor,
1027 2546 1126 2578 nec
1172 2534 1410 2597 pondera
1453 2535 1612 2584 metis

34 2620 364 2666 Decrescant
399 2616 650 2675 nimium,
690 2628 742 2664 et
778 2616 959 2664 fallant
998 2634 1086 2666 sua
1124 2630 1243 2667 vota
1289 2620 1542 2683 colonos,

34 2706 190 2754 Haud
226 2715 370 2754 creta
405 2704 656 2752 utendum
692 2717 920 2763 temere,
959 2719 1077 2752 cum
1118 2706 1360 2755 saceliara
1410 2706 1599 2759 formis

38 2792 140 2842 Vix
182 2791 364 2840 coiere
416 2792 560 2844 suis,
599 2791 804 2857 integra
850 2792 945 2839 sed
983 2792 1143 2840 altera
1183 2793 1364 2842 saltem

37 2880 381 2945 Expectanda
423 2879 565 2936 dies,
607 2896 707 2945 qua
740 2878 947 2944 frigore
994 2890 1105 2928 tota
1156 2880 1443 2946 rigescant.

37 2970 190 3026 Mox,
231 2984 330 3034 qua
368 2977 585 3031 pertuso
630 2966 764 3014 vasis
804 2983 922 3030 pars
964 2965 1066 3014 ima
1113 2966 1359 3015 deorsum

37 3054 291 3120 Porgitur
341 3070 369 3102 e
425 3053 628 3112 fulcro,
679 3052 917 3119 rimaque
964 3052 1192 3111 fatiscit,
1252 3052 1478 3101 eundum

41 3142 212 3190 Coeca
250 3140 527 3206 bipalmari
575 3150 744 3188 metae
796 3141 888 3188 sub
931 3140 1136 3189 viscera
1175 3140 1352 3200 clave,

42 3231 111 3278 Ut
146 3228 277 3275 male
319 3229 552 3277 concreti
587 3226 760 3275 latitat
805 3228 1170 3297 quodcumque
1201 3227 1455 3296 liquoris,

41 3318 154 3364 Hac
192 3313 346 3374 fluat,
385 3323 438 3361 et
479 3314 650 3363 varios
691 3314 820 3363 alibi
856 3327 1099 3366 servetur
1136 3316 1192 3364 in
1230 3332 1372 3364 usus.

39 3404 158 3454 Hoc
207 3400 298 3450 ubi
341 3397 617 3468 perficies,
669 3401 768 3450 uda
819 3413 947 3468 tum,
977 3403 1188 3470 perline
1249 3411 1419 3463 creta,

1778 131 1880 185 589
