2100 3882
826 152 1172 204 GnAmNEAE.
1859 167 1927 219 13

4 320 6 322 ’
77 305 263 372 derit,
310 301 758 380 congruentiam
797 300 962 356 illam
1006 302 1068 356 in
1114 301 1392 371 diversis,
1440 325 1618 382 quam
1662 329 1695 364 a
1712 311 1918 370 nalo-

75 387 268 464 giam
309 401 622 449 vocamuS‚
659 380 787 455 *nisi
817 381 1006 438 oculis
1042 381 1218 458 ipsis,
1264 398 1462 440 mente
1512 402 1679 445 certo
1712 394 1917 450 conci-

75 457 216 546 piet.
248 470 253 471 ⁷
298 465 409 519 Est
469 456 666 518 autem
713 461 1006 539 ejusmodi
1064 463 1339 539 analogia
1403 465 1486 522 ita
1543 469 1915 549 accipienda,

21 574 26 575 ⁷
75 561 140 603 ut
183 546 398 601 Gram
420 542 492 598 in
511 564 543 597 a
593 562 884 620 ponamus
946 561 1077 596 esse
1137 557 1422 619 tanquam
1465 549 1508 602 P
1529 549 1674 605 alm
1694 572 1767 609 as
1811 554 1915 611 in-

74 623 394 682 ferioris
458 621 787 690 ordinis,
852 641 957 677 seu
1009 621 1324 699 plantas
1383 633 1915 709 monocotyle-

39 707 361 763 ⁴doneas
392 722 594 757 mere
631 701 1021 778 vaginales
1059 722 1188 757 seu
1223 703 1674 780 glumaceas,
1721 714 1916 791 (quod

69 787 227 850 idem
254 786 377 842 fere
404 797 523 849 est,
571 803 640 838 ac
676 783 726 838 si
759 803 892 839 cum
919 782 1128 837 Trinio
1163 791 1375 842 ¹nostro
1404 808 1625 864 ponaS,
1671 813 1916 870 gramen

71 886 203 924 esse
247 862 604 941 vegetabile,
662 863 828 940 cujus
864 862 1159 938 singulum
1196 863 1602 926 internodium
1635 894 1771 930 cum
1805 897 1914 935 suo

73 946 224 1004 folio
271 943 556 1010 flosculus
596 943 906 999 habendus
939 943 1045 1011 sit,
1101 943 1156 1000 vi
1197 948 1523 1022 vegetativa
1557 952 1837 1034 abreptus
1856 973 1923 1015 et

67 1028 262 1083 nisum
335 1037 748 1101 generatorem
813 1023 878 1079 in
948 1024 1230 1102 propriae
1293 1028 1469 1086 molis
1536 1052 1915 1110 augmentum

71 1119 421 1165 convertens
436 1108 482 1178 9)
527 1124 723 1182 neque
782 1117 1032 1182 propter
1079 1104 1141 1159 id
1185 1105 1261 1161 ad
1303 1106 1512 1166 florem
1556 1117 1912 1194 completio-

65 1194 191 1244 rem
212 1184 640 1265 perficiendum
668 1184 917 1240 idoneas
936 1206 953 1256 5
1002 1186 1045 1239 P
1064 1184 1207 1240 alm
1226 1206 1300 1243 as
1346 1205 1559 1249 contra
1598 1215 1696 1251 eas
1740 1197 1912 1276 plan-

65 1284 154 1324 tas
198 1287 328 1324 esse
387 1266 615 1322 diceres
675 1265 945 1342 spatha
967 1285 1174 1334 eeaS,
1243 1287 1369 1323 seu
1427 1291 1737 1348 quarum
1798 1301 1911 1338 va-

72 1349 321 1424 ginae‚
381 1366 413 1400 a
467 1345 870 1412 foliorum,
932 1364 1064 1422 per
1115 1349 1509 1407 caudicem
1561 1354 1635 1410 in
1698 1378 1912 1417 coro-

69 1449 231 1484 nam
272 1425 716 1493 nitentium,
775 1424 1056 1481 laetius
1101 1427 1176 1481 in
1198 1448 1698 1506 crementum,
1746 1459 1824 1496 su
1845 1463 1913 1521 p-

222 1645 281 1687 lis
318 1642 558 1700 praedita,
603 1652 656 1685 ut
698 1643 834 1701 copia
877 1644 1074 1699 florum,
1118 1647 1166 1689 in
1206 1650 1406 1706 spatium
1445 1656 1688 1711 angustius
1734 1671 1914 1715 coacta,

221 1714 422 1756 formam
453 1710 688 1753 definitam
721 1711 1029 1770 adipiscatur.

332 1799 387 1840 60
415 1793 624 1835 Crista
656 1801 725 1836 est
759 1794 855 1836 axis
887 1796 1135 1853 (partialis)
1168 1800 1446 1855 continuus,
1485 1807 1806 1862 complanatus
1839 1814 1928 1867 vel

225 1862 465 1919 trigonus,
498 1862 720 1917 pagina
751 1862 1062 1907 inferiore
1094 1867 1295 1924 spiculas
1329 1869 1568 1914 confertas
1590 1873 1806 1922 breviter
1834 1895 1950 1941 pe-g,

227 1930 462 1972 dicellatas
492 1929 742 1972 biseriaies
775 1932 840 1973 ita
870 1934 1110 1981 emittens,
1144 1943 1197 1977 ut
1225 1936 1379 1993 gluma
1410 1953 1570 1983 earum
1593 1946 1805 1990 exterior
1833 1963 1917 1993 seu
1966 1951 1971 1955 ’

227 1998 431 2041 inferior
461 1998 634 2055 (quoad
662 1999 791 2049 axin)
823 2002 1111 2058 superior
1143 2004 1218 2045 sit.

329 2085 378 2126 '70
406 2080 685 2122 Racemus
718 2079 922 2140 denique
954 2084 1074 2131 erit,
1105 2083 1187 2125 ubi
1218 2085 1348 2129 axis
1381 2089 1663 2144 continuus,
1695 2098 1918 2143 teretius-

229 2147 385 2199 culus,
428 2149 628 2206 spiculas
670 2147 855 2192 dissitas
887 2151 1073 2194 sessiles
1105 2154 1180 2195 vei
1212 2153 1430 2197 breviter
1460 2159 1766 2215 pedicellatas
1796 2169 1919 2210 uni-

226 2225 306 2259 aut
336 2217 933 2261 subunilateraliter
962 2220 1027 2262 ita
1059 2221 1259 2274 emittit,
1302 2232 1354 2266 ut
1384 2226 1538 2282 gluma
1569 2244 1730 2276 earum
1764 2246 1921 2280 exte·

225 2285 357 2326 rior
387 2298 469 2325 seu
499 2285 704 2328 inferior
735 2286 912 2344 (quoad
942 2289 1065 2340 axin)
1097 2289 1367 2334 inferior
1397 2294 1491 2336 sit.

332 2352 398 2406 E'x
430 2364 499 2405 his
530 2365 907 2410 inssorescentiae
926 2369 1357 2416 modificationibus
1390 2374 1437 2415 in
1467 2386 1628 2421 nostra
1659 2385 1923 2436 graminum

227 2430 522 2488 expositione
566 2434 774 2489 prior,
829 2444 875 2478 et
918 2437 1217 2480 secundae
1256 2443 1515 2501 pieraeque
1568 2446 1776 2503 formae,
1822 2462 1921 2500 tum

228 2499 364 2542 etiam
397 2501 624 2542 cristae
657 2510 704 2543 et
735 2506 953 2546 racemi
997 2507 1250 2548 Trinianae
1280 2510 1519 2560 methodi,
1552 2514 1599 2555 in
1633 2518 1817 2578 quihus!
1839 2536 1920 2578 pe-

230 2565 388 2607 dicelli
422 2567 627 2623 spica-iae
661 2570 885 2628 cujusque
918 2571 1156 2617 dimidiam
1176 2576 1515 2633 longitudinem
1546 2596 1642 2625 non
1675 2587 1922 2644 excedunt,

230 2633 433 2690 spicae
464 2637 652 2678 nomine
685 2638 981 2680 exhibentur.

332 2715 613 2770 Racemus
642 2718 781 2762 nobis
811 2718 1104 2774 admittitur,
1157 2725 1433 2785 ubicunque
1463 2730 1717 2787 pedicelli,
1766 2740 1920 2796 spicu-
1994 2759 1996 2763 ⁴

226 2782 300 2825 lae
318 2783 664 2840 longitudinem
688 2788 1033 2846 subaequantes
1067 2794 1141 2833 vel
1173 2805 1480 2851 superantes,
1513 2800 1678 2844 rhachi
1701 2805 1917 2865 integrae

230 2851 260 2891 i.
295 2864 335 2892 e.
370 2852 424 2893 ad
458 2854 638 2909 apicem
671 2869 817 2913 usque
851 2857 912 2897 ob
943 2859 1199 2902 crassitiem
1232 2863 1444 2907 eximiam
1474 2879 1498 2907 a
1528 2871 1668 2913 ramis
1699 2874 1795 2916 suis
1828 2877 1917 2921 dis-

224 2918 506 2974 tinguendae
527 2953 538 2972 ‚
588 2921 923 2977 innascuntur,
989 2926 1247 2980 cuju=1n0di
1296 2941 1402 2975 sunt
1448 2934 1706 2981 caducei
1757 2947 1917 3000 pauci,

228 2987 458 3030 cristae
491 2999 535 3031 et
566 2993 787 3035 racemi
829 2994 1020 3051 plures,
1071 2997 1177 3054 (qui
1208 2998 1347 3042 nobis
1377 3005 1553 3047 racemi
1588 3009 1781 3052 secundi
1813 3014 1919 3056 sim·

227 3054 423 3111 plioes),
464 3066 558 3099 tum
601 3059 928 3116 paniculae
968 3077 1159 3121 quoque
1209 3075 1254 3109 et
1291 3068 1504 3121 jubae,
1550 3076 1733 3118 ramis
1774 3082 1916 3124 inte-

209 3124 359 3178 gris
389 3125 653 3181 praeditae.

334 3203 667 3250 Paniculae
700 3217 746 3251 et
777 3208 918 3264 juba
937 3226 984 3255 e,
1015 3227 1213 3271 quarum
1241 3217 1356 3258 rami
1376 3218 1424 3260 in
1455 3222 1663 3266 ramulos
1694 3224 1914 3272 dissol-

231 3281 480 3320 vuntur,
519 3275 846 3331 paniculae
892 3294 916 3321 a
954 3281 1096 3330 ‚nobis
1141 3284 1472 3340 appellantur3
1519 3297 1564 3330 ct
1607 3306 1916 3354 quaecunque

234 3350 389 3382 earum
435 3339 736 3386 densioribus
777 3346 915 3389 ramis
958 3356 1003 3390 et
1044 3352 1236 3393 ramulis
1267 3361 1520 3410 teguntur,
1552 3359 1628 3400 vel
1660 3362 1914 3416 thyrsoi·

229 3401 374 3449 deae
416 3410 493 3451 vel
537 3412 938 3468 spiciformes
989 3416 1217 3473 audiunt,
1266 3436 1386 3478 quos
1430 3423 1678 3482 thyrsos
1721 3431 1912 3476 Trinius

228 3484 480 3531 nuncupat.
