2100 3882
167 145 272 199 306
786 138 1144 189 Gnmmmn.
1219 136 1424 191 Omns.

313 291 602 344 Observ.
690 287 902 355 Olyra
962 288 1324 347 latifolia,
1382 288 1558 346 Lm,
1610 304 1744 353 quae
1788 299 1843 337 et
1879 293 2048 339 Hum-

168 364 365 415 boldtii
400 361 628 410 latifolia
669 359 729 423 (l.
772 377 817 409 c.
861 378 915 427 p.
964 361 1102 426 198.)
1153 377 1272 408 esse
1324 357 1562 416 videtur,
1612 355 1827 407 differt:
1879 360 2051 410 culmo

170 424 387 493 altiori,
424 432 573 482 foliis
611 431 824 497 longius
869 430 1142 497 petiolatis
1191 428 1482 495 majoribus
1520 428 1875 479 multinerviis
1902 466 1916 489 ‚
1966 446 2093 478 va„

170 504 310 572 ginis
364 501 782 571 piloso-hirti33
852 501 1096 568 panicula
1142 498 1332 565 majori
1384 497 1761 565 densiorique,
1826 496 2053 550 flosculo

168 574 372 642 glabro.
446 573 590 621 Huic
620 574 757 621 bene
785 571 1079 636 respondet
1110 568 1309 636 figura,
1368 586 1395 617 a
1435 568 1664 617 Sloaneo
1687 604 1699 626 ‚
1743 567 1774 616 l.
1804 584 1850 616 c.
1883 569 2018 617 data.
2096 579 2100 582 ”

306 645 385 694 Ab
426 644 492 695 Ο.
536 642 950 708 paniculata
999 643 1102 689 Sw.
1155 638 1339 688 differt
1387 640 1707 703 praesertim
1747 639 1919 688 culmo
1957 639 2051 687 hu-
2094 648 2097 650 ’

166 715 279 764 mili
310 715 458 765 soliis
485 712 829 762 brevioribus
871 722 924 760 et
955 711 1163 759 ratione
1195 709 1371 758 habita
1412 709 2071 776 latitudinisangustiori-⁸

164 785 283 847 buS,
321 798 431 836 tum
471 783 747 849 paniculae
779 781 961 831 rhachi
992 797 1110 828 cum
1141 778 1421 845 pedicellis
1453 778 1830 846 gracilioribus
1858 796 1917 828 30
1943 780 2054 846 gla-
2091 788 2097 817 ’-

164 855 293 905 bris.
383 855 512 907 Vidi
565 854 631 904 Ο.
690 852 1128 919 paniculatae
1185 849 1426 914 exempla
1482 849 1806 899 Swartziana
1853 861 1906 898 et
1957 843 2086 899 Ri-‘

164 925 481 984 chardiana‚
522 941 586 973 ex
622 922 887 973 antillanis
929 919 1151 979 insulis,
1202 918 1254 965 in
1298 917 1462 968 Heri).
1513 918 1704 968 l‘Villd.
1773 919 1855 969 Ad
1915 919 2094 979 banci

164 996 386 1046 eandem
404 995 643 1062 speciem
671 994 829 1043 etiam
850 989 1159 1040 reserenda:
1187 989 1257 1039 O.
1293 1007 1458 1038 arun
1480 990 1721 1040 dinace
1742 1009 1786 1050 a,
1826 986 1895 1040 H.
1913 998 1964 1038 et
1979 986 2050 1038 Η.
2077 984 2100 1051 J

163 1065 231 1115 N.
272 1064 334 1114 G.
373 1076 422 1114 et
451 1062 540 1131 Sp.
574 1067 618 1113 I.
644 1082 700 1131 p.
742 1080 853 1127 ¹97·
896 1057 1101 1108 finum.
1148 1062 1281 1125 Syn.
1318 1056 1363 1106 J.
1396 1077 1451 1126 p.
1494 1062 1644 1123 250·>
1670 1055 1791 1123 fide
1820 1058 2055 1127 exempli
2098 1055 2100 1091 ἕ

161 1136 327 1186 Herb.
355 1134 548 1187 PVc'lld.
568 1163 633 1171 -—
655 1134 722 1185 O.
756 1131 1101 1187 latifolia,
1138 1134 1210 1181 H.
1238 1140 1290 1178 et
1308 1130 1369 1179 R.
1403 1130 1457 1178 in
1477 1131 1644 1180 Herb.
1670 1130 1859 1184 Willd.
1879 1131 2048 1182 deest.
2087 1191 2089 1193 J

621 1277 954 1317 3.01,rRA
1000 1277 1587 1315 ARUNDINACEA.
2064 1260 2088 1330 ἢ

300 1372 372 1424 Ο.
407 1369 559 1420 soliis
605 1365 1202 1435 oblongo-lanceolatis
1259 1364 1570 1414 acuminatis
1616 1364 1869 1433 utrinque
1904 1364 2049 1433 vagi-

158 1444 349 1510 nisque
396 1440 598 1490 scabris
631 1441 831 1505 glaucis
852 1475 864 1498 ‚
907 1436 1069 1504 ligula
1095 1446 1307 1485 exserta
1337 1446 1612 1495 truncata,
1652 1436 1932 1502 paniculae
1968 1453 2051 1484 ra—

159 1530 406 1563 cemos-ae
449 1511 782 1577 compositae
840 1519 1093 1574 angustae
1149 1507 1314 1554 ramis
1360 1506 1690 1575 spiculisque
1748 1505 2048 1574 puberulis,

156 1583 446 1634 foemineis
479 1582 533 1629 in
572 1580 816 1645 apicibus
851 1595 1120 1627 ramorum
1149 1576 1423 1626 solitariis.

297 1654 462 1718 Olyra
501 1650 885 1708 arundinacea‚
925 1645 995 1696 H.
1026 1658 1077 1695 et
1117 1644 1185 1695 H.
1226 1644 1365 1695 ῘΥΟυ.
1397 1644 1530 1695 Gen.
1560 1654 1609 1695 et
1637 1648 1723 1712 Sp.
1762 1643 1808 1696 I.
1837 1663 1895 1712 p.
1933 1663 2044 1714 179.

368 1720 571 1770 filzntlt.
599 1723 733 1788 ijn.
766 1717 812 1767 I.
841 1738 897 1786 p.
932 1718 1048 1769 250.
1090 1719 1209 1783 Spr.
1241 1718 1294 1764 S.
1339 1720 1389 1766 V.
1423 1715 1467 1764 I.
1491 1736 1548 1783 p.
1589 1716 1708 1768 238.
1743 1734 1795 1765 n.
1832 1732 1883 1769 2.

292 1801 339 1848 β.
382 1792 589 1861 vaginis
621 1791 830 1858 apicem
867 1806 1054 1840 versus
1103 1788 1540 1854 pubescentibus.

298 1880 527 1930 Habitat
575 1885 694 1931 Vctr.
748 1899 794 1927 a.
847 1876 900 1926 in
953 1875 1311 1944 crepidinibus
1348 1875 1590 1943 opaccctis
1616 1875 1860 1926 Andium
1897 1873 2049 1943 quin-

158 1952 443 2003 duensium
476 1969 645 2018 prope
679 1947 753 1997 El
789 1942 1036 2004 Azufral
1077 1945 1176 1995 alt.
1233 1948 1361 1997 1050
1412 1945 1536 1997 heac.
1613 1945 1830 2016 (Regno
1871 1945 2048 1995 [Novo-

161 2022 517 2074 Granadensi.
595 2018 783 2068 Floret
824 2016 1062 2067 Octobri.
1138 2017 1195 2075 (α
1240 2014 1439 2066 Humb.
1477 2047 1546 2055 -
1611 2021 1726 2067 Var.
1760 2026 1808 2071 β.
1845 2016 1898 2065 in
1933 2014 2054 2084 syl·¹
2088 2057 2092 2075 ,

160 2094 238 2143 vis
258 2091 550 2160 primaevis
578 2090 649 2138 acl
681 2088 976 2137 Almaclam
1009 2096 1059 2137 et
1093 2085 1225 2136 alibi
1265 2086 1394 2136 locis
1433 2085 1718 2155 sylvaticis
1749 2105 1906 2154 prov.
1934 2085 2048 2136 Ba·
2089 2080 2091 2083 ⁸

162 2163 372 2213 hiensis.
446 2160 634 2210 Floret
676 2157 986 2211 Decembri.
1047 2165 1124 2222 21..
1199 2155 1524 2221 (slslartius.)

304 2253 541 2302 Adnot.
617 2252 810 2299 Nostra
847 2248 1144 2315 specimina
1185 2264 1302 2296 cum
1341 2248 1713 2315 descriptione
1752 2246 2048 2297 Humbold-

159 2325 332 2383 tiana,
390 2323 697 2388 vaginarum
746 2319 943 2385 pubem
986 2319 1031 2367 si
1077 2319 1352 2383 excipias,
1404 2320 1539 2368 adeo
1587 2320 1937 2376 conveniunt,
1993 2328 2052 2366 ut

162 2394 403 2458 ejusdem
435 2392 640 2457 speciei
675 2409 781 2439 non
813 2390 1121 2438 existimare
1149 2407 1256 2437 non
1283 2390 1566 2453 possimus.
1621 2394 1660 2438 A
1692 2387 2052 2453 praecedente

163 2464 353 2529 (Olyra
408 2462 622 2524 humili)
665 2477 886 2528 quacum
931 2459 1174 2525 pluribus
1217 2460 1494 2525 congruit,
1552 2460 1871 2524 praesertim
1911 2456 2054 2526 quod

163 2535 227 2584 ad
258 2533 420 2584 culmi
452 2532 792 2581 teneritatem
817 2530 1008 2579 attinet
1028 2567 1040 2590 ‚
1092 2530 1457 2598 foliorumque
1489 2529 1855 2597 glaucedinem
1879 2565 1892 2588 ‚
1949 2527 2053 2577 dif-

162 2604 272 2654 fert
303 2603 712 2653 evidentissime
748 2601 898 2649 foliis
943 2601 1341 2665 angustioribus
1386 2603 1545 2660 4--5
1584 2600 1811 2665 pollices
1854 2599 2050 2666 longis,

161 2691 356 2725 novem
383 2674 551 2722 lineas
583 2672 645 2720 ad
683 2671 938 2737 pollicem
977 2670 1098 2718 latis
1138 2670 1393 2737 utrinque
1439 2671 1755 2736 vaginisque
1799 2668 2053 2717 tubercu-

163 2746 230 2794 lis
269 2743 643 2793 minutissimis
698 2740 1062 2807 exasperatis,
1112 2740 1274 2807 ligula
1320 2751 1555 2801 exserta,
1615 2738 1818 2807 vaginis
1864 2740 2051 2787 ramis-

166 2832 271 2882 que
308 2825 360 2863 et
404 2812 657 2879 spiculis,
697 2823 804 2859 tam
849 2809 1098 2860 masculis
1147 2827 1302 2877 quam
1338 2809 1653 2869 foemineis,
1708 2808 2049 2876 pubescenti-

164 2885 293 2942 bus,
346 2882 594 2933 masculis
634 2880 852 2947 spiculis
899 2881 1246 2947 paucioribus
1288 2879 1344 2927 in
1385 2879 1594 2946 singulo
1638 2873 1787 2929 ramo
1831 2877 2049 2944 pallidis

166 2953 390 3020 cuspide
419 2953 627 3019 glumae
655 2953 822 3018 ipsam
853 2952 1081 3018 glumam
1102 2962 1359 3018 aequante
1387 2953 1505 3010 (nec
1534 2950 1864 2999 lanceolato-
1883 2947 2051 2997 linea-

164 3023 316 3072 ribus
350 3021 714 3073 ssavicantibus
744 3022 963 3087 cuspide
995 3022 1191 3088 glumis
1228 3019 1395 3086 triplo
1426 3020 1721 3084 breviori),
1759 3017 2020 3070 foeminei

167 3093 390 3159 spiculis
419 3093 475 3141 in
515 3091 726 3159 singulo
766 3109 915 3142 ramo
953 3091 1210 3142 solitariis
1240 3089 1628 3141 terminalibus.
2036 3103 2039 3109 ’

706 3228 748 3278 ιι.
799 3236 1042 3273 OLYRA
1103 3235 1415 3273 SCABRA.
1464 3225 1494 3280 ἦ·

305 3321 374 3373 O.
412 3320 561 3372 foliis
599 3322 847 3390 oblongis
888 3322 1199 3372 acuminatis
1254 3321 1439 3372 subtus
1491 3321 1806 3390 vaginisque
1842 3320 2018 3371 scabri

166 3391 400 3460 glaucis,
449 3391 614 3459 ligula
661 3404 849 3452 ovata,
898 3393 1176 3458 paniculae
1225 3408 1534 3442 racemosae
1587 3391 1920 3458 compositae
1956 3409 2019 3441 an

162 3474 347 3530 gastae
385 3463 546 3512 ramis
585 3462 806 3525 scabriS,
831 3463 1052 3531 spiculis
1081 3462 1367 3514 foemineis
1401 3464 1457 3513 in
1483 3462 1644 3513 ramis
1674 3460 1980 3513 terminalib
2016 3515 2019 3519 ,

162 3531 407 3599 pluribus
446 3531 663 3601 glabris.

667 3638 699 3655 ,l
