2100 3882
628 166 976 215 Gnammssan.
1050 165 1342 213 Plomma.
1480 175 1484 178 ’
1853 167 1922 218 33

184 311 407 364 Habitat
446 312 498 363 in
541 309 781 361 Brasilia
824 311 1050 379 tropica.
1091 309 1373 376 (Sc-How.)
1408 339 1478 351 --
1557 309 1616 362 V.
1656 311 1710 361 in
1748 308 1914 363 Herb.

49 382 187 452 Reg.
233 382 457 447 Berol.5
488 412 557 420 —-
654 382 705 430 in
746 381 945 450 campis
989 380 1248 448 glareosis
1296 378 1482 430 Βία-να
1526 379 1591 430 de
1636 379 1912 447 Jiquitibci.

52 454 110 516 (a
147 447 533 520 Langsdorſjss)
565 480 635 490 *-
693 451 753 502 V.
788 451 842 500 in
876 448 1041 500 Herb.
1077 449 1253 499 Acad.
1287 449 1427 519 Imp.
1457 447 1730 518 Petropol.
1765 459 1815 500 et
1860 450 1914 500 in

46 521 210 574 Herb.
258 521 404 573 Trin.
469 528 548 585 21..

188 612 474 662 Observ.
551 608 704 675 Apud
743 608 1018 668 Trinium,
1084 606 1119 656 1.
1156 623 1230 669 0.,
1296 624 1394 673 pro
1444 609 1506 657 P.
1549 607 1784 667 tenui,
1840 609 1916 657 le-

46 682 273 749 gencium
306 683 405 740 „P.
439 682 652 728 tener.“
737 679 1055 727 Mutavimus
1087 689 1264 725 tamen
1292 694 1518 738 nomen,
1575 696 1604 727 a
1634 678 1791 728 nobis
1823 678 1914 727 isti

47 751 252 818 speciei
279 750 486 816 pridem
524 747 832 814 impositum
852 780 865 807 ,
903 765 970 797 ne
1003 747 1058 795 in
1086 763 1299 796 errores
1330 745 1658 797 inducamus.

397 853 462 896 16.
522 857 890 894 PASPAL'US
950 855 1474 892 FASTIGIATUS.
1517 848 1544 900 ᾧ

180 931 242 979 Ρ.
280 930 442 997 spicis
476 928 832 996 subgeminis,
883 927 1068 976 rhacbi
1101 929 1364 995 triquetra
1402 927 1624 993 spiculis
1659 927 1915 977 solitariis

45 998 628 1049 disticho-imbricatis
672 998 832 1064 duplo
881 997 1218 1064 angustiore,
1274 997 1465 1064 glumis
1493 997 1804 1047 lanceolatis
1836 998 1915 1046 in-

47 1070 249 1118 feriore
284 1070 488 1129 ciliata,
543 1069 716 1117 culmo
754 1068 1116 1116 ramosissimo
1159 1066 1460 1133 fastigiato,
1523 1066 1670 1116 foliis
1698 1067 1916 1117 lineari·

50 1134 363 1188 acuminatis
392 1138 702 1205 vaginisque
735 1135 1327 1203 pubescenti—villosis.

186 1209 402 1259 Culmus
452 1208 655 1274 pedalis
709 1207 959 1266 circiter,
1033 1206 1240 1264 tenuis,
1309 1203 1719 1262 teretiusculus,
1790 1223 1917 1270 pro-

44 1276 207 1325 funde
262 1280 508 1338 striatus‚
561 1276 896 1335 multinodis,
954 1275 1169 1342 glaber,
1228 1274 1282 1323 in
1321 1293 1495 1323 ramos
1541 1276 1734 1323 multos
1773 1273 1915 1324 fasti·

46 1347 217 1413 giatos
255 1346 772 1413 erecto-adpressos
808 1346 1037 1404 divisus,
1099 1357 1267 1394 tectus
1297 1345 1359 1393 ad
1396 1344 1602 1410 apicem
1635 1361 1801 1411 usque
1831 1362 1913 1393 va·

43 1417 182 1482 ginis
217 1416 469 1466 soliorum
507 1416 808 1465 internodia
851 1415 1228 1482 aequantibus,
1297 1413 1493 1464 infimis
1537 1413 1826 1462 laxioribus
1864 1424 1917 1462 ct

43 1486 344 1539 emarcidis.
416 1486 605 1552 Ligula
635 1485 838 1544 brevis,
878 1495 1136 1533 truncata.
1207 1483 1360 1533 Folia
1390 1483 1743 1549 bipollicaria‚
1778 1484 1915 1532 line-

43 1572 124 1602 am
156 1555 286 1616 lata,
327 1567 530 1614 crecta,
572 1556 754 1604 stricta
778 1592 789 1614 ‚
829 1554 1014 1620 plana,
1052 1550 1607 1614 lineari-acuminata,
1647 1552 1913 1618 profunde

44 1624 225 1673 striata
245 1662 258 1685 ,
299 1643 453 1691 supra
491 1636 544 1674 et
573 1626 628 1672 in
656 1625 893 1691 margine
922 1623 1049 1689 pilis
1078 1623 1421 1690 longioribus
1454 1639 1481 1670 e
1511 1623 1795 1672 tuberculo
1829 1640 1916 1671 or—

41 1693 142 1753 tis,
198 1695 381 1744 subtus
416 1713 516 1743 una
550 1711 666 1743 cum
701 1695 905 1761 vaginis
942 1692 1291 1759 pubescentia
1318 1693 1568 1743 breviore
1604 1692 1854 1741 densiore
1887 1708 1917 1740 e

41 1763 413 1813 minutissimis
459 1764 752 1813 tuberculis
800 1775 1053 1813 nascente
1105 1763 1308 1813 vestita.
1415 1762 1618 1829 Vagina
1669 1776 1914 1826 suprema

43 1832 224 1898 glabra
257 1845 354 1882 est.
456 1834 647 1900 Spicac
688 1834 960 1901 geminae,
1014 1833 1187 1882 rarius
1225 1832 1463 1883 solitaria
1507 1833 1587 1882 vel
1631 1832 1789 1879 tertia
1826 1830 1915 1878 ad·

43 1902 182 1959 dita,
235 1904 783 1970 erecto-contiguae,
834 1902 1200 1968 bipollicares.
1287 1901 1519 1951 Rhachis
1555 1901 1765 1960 stricta,
1824 1918 1915 1966 pa-

40 1989 157 2019 rum
191 1973 408 2032 mndata,
460 1974 748 2039 triquetra,
789 1973 998 2030 scabra,
1053 1972 1212 2021 dorso
1246 1971 1683 2030 convexiuscula,
1741 1970 1916 2035 spicu-

39 2041 108 2089 lis
161 2042 321 2107 duplo
373 2044 664 2109 angustior.
773 2043 1020 2106 Spiculae
1067 2059 1255 2091 revera
1304 2042 1546 2098 sessiles,
1623 2040 1914 2098 solitariae,

41 2110 633 2176 disticho—adpressac,
685 2112 1022 2171 imbricatae,
1077 2111 1430 2167 lanceolatae,
1497 2121 1720 2166 acutae,
1788 2110 1915 2156 21i-

40 2197 168 2228 neas
202 2181 408 2247 longae.
500 2182 719 2230 Glumae
752 2182 1211 2241 membranaceae,
1271 2179 1626 2231 lanceolatae:
1687 2179 1917 2227 inferior

41 2249 198 2314 paulo
232 2250 450 2316 longior
490 2264 644 2317 alque
685 2251 871 2311 latior,
924 2262 1104 2313 acuta,
1161 2250 1344 2316 plana,
1414 2249 1920 2317 quadri-quinque·-

41 2319 250 2377 nervis‚
302 2320 480 2367 nervis
518 2321 814 2369 dorsalibus
848 2320 1135 2377 obsoletis,
1191 2321 1496 2369 lateralibus
1529 2319 1715 2368 Validis
1755 2318 1915 2382 longe

44 2387 252 2446 cilialis,
283 2388 419 2435 ciliis
451 2388 703 2452 candidis,
743 2389 900 2438 dorso
930 2389 1140 2453 glabra,
1182 2390 1424 2454 superior
1451 2388 1737 2436 acuminata
1758 2424 1769 2445 ,
1809 2398 1916 2435 tota

43 2455 472 2515 membranacea,
528 2457 1061 2514 obsoletebinervis,
1114 2457 1311 2521 glabra.
1414 2456 1689 2506 Flosculus
1726 2455 1917 2521 glumis

43 2524 200 2590 paulo
245 2524 460 2574 brevior
494 2538 545 2574 et
578 2528 877 2590 angustior,
929 2526 1276 2584 lanceolatus,
1329 2526 1680 2581 acuminatus,
1732 2525 1915 2584 laevi5‚

43 2594 286 2659 pallidus.
343 2594 607 2643 Antherac
637 2596 1128 2660 nigro-violaceae.
1180 2596 1468 2644 Lodiculae
1500 2594 1917 2642 lineari—cunei-

47 2664 268 2722 sormes,
309 2676 577 2728 angustae,
615 2665 1228 2724 truncato-bidentatae,
1266 2664 1715 2721 membranaceae,
1750 2664 1917 2712 albae.

177 2747 401 2798 Habitat
440 2749 490 2798 in
524 2752 722 2817 campis
750 2751 875 2801 altis
894 2750 1183 2800 Il'ffinarum
1217 2751 1288 2799 ad
1312 2749 1472 2799 Serra
1505 2750 1569 2799 de
1599 2749 1765 2799 Gram
1788 2748 1914 2798 [lfo-

43 2816 137 2885 gol
192 2827 242 2867 et
297 2838 479 2868 versus
525 2818 847 2891 Formigas,
875 2821 1192 2890 provinciae
1234 2820 1524 2870 Minarum
1564 2818 1914 2888 generalium.

45 2885 360 2953 (stlat-tius.)
415 2887 575 2938 Jzznio
609 2910 799 2941 mense.
845 2890 851 2893 ’

56 3021 60 3026 ,
185 2975 478 3028 Observ.
550 2980 874 3043 Paspalus
914 2977 1401 3038 dissitiflorus,
1441 2978 1524 3027 cui
1551 2975 1683 3027 haec
1711 2977 1918 3044 species

44 3046 215 3110 quoad
263 3046 491 3111 spiculas
535 3049 766 3106 accedit,
823 3049 1188 3114 distinguitur:
1243 3049 1413 3097 culmo
1449 3047 1709 3113 simplici,
1775 3046 1918 3095 soliis

44 3113 381 3162 filisormibus
416 3115 747 3180 longioribus
777 3118 937 3177 laxis,
977 3117 1198 3166 hirsutie
1229 3134 1407 3183 sparsa
1437 3128 1648 3181 patente
1674 3115 1919 3181 longiore

45 3181 333 3231 tuberculis
370 3184 530 3233 mullo
568 3185 985 3236 distinctioribus
1021 3187 1222 3245 innata,
1281 3187 1494 3250 spiculis
1527 3184 1920 3234 remotiusculis

48 3250 210 3367 dulplo
251 3252 367 3301 fere
414 3254 738 3317 minoribus,
818 3267 1038 3324 utraque
1081 3255 1254 3322 gluma
1294 3255 1496 3304 hirsuta
1533 3267 1691 3322 atque
1742 3253 1921 3301 tuber-

51 3335 116 3368 cu
141 3337 248 3370 osa.

353 3427 419 3468 17.
477 3432 843 3469 PASPALUS
902 3426 1605 3478 CANALICULATUS·†

187 3500 249 3547 P.
289 3501 453 3566 spicis
490 3504 743 3569 geminiS,
797 3504 980 3553 rhachi
1019 3505 1278 3572 triquetra
1309 3505 1628 3571 spicularum
1665 3500 1925 3552 solitaria-

40 3584 159 3616 rum
194 3569 496 3632 latitudine,
563 3573 752 3638 glumis
790 3573 1126 3634 lanceolatis,
1177 3573 1436 3624 inferiore
1472 3573 1632 3624 dorso
1660 3571 1918 3622 canalicu-

124 3658 318 3693 FLORA
362 3663 592 3698 BnAsn..
629 3644 705 3697 ΙΙ.
1311 3653 1347 3706 3
