2100 3882
116 114 219 163 558
303 111 657 162 Geumi-«mu.
742 112 1105 166 Osssunvamo
1143 129 1453 165 Gnoroch
1489 133 1556 166 m
1593 131 1960 166 oeconoma.

112 258 328 317 hricae,
370 277 501 326 quae
527 261 604 308 ·in
654 259 802 310 fluvii
837 258 1004 318 Moizi
1051 264 1168 329 ripa
1215 262 1409 323 floret,
1448 260 1760 329 Jaczzarary·
1810 263 1967 325 dicta,

116 329 324 394 egregii
365 330 533 377 nostri
570 329 798 395 hospitis
836 337 1101 380 iimBaos'u
1141 350 1456 399 HENfflQuEz
1496 332 1803 382 dominium.
1924 343 1926 345 ’

258 398 416 474 Quod
453 410 623 445 autem
663 398 724 446 ad
748 401 1017 449 arundinis
1047 401 1432 450 sacchariferae
1470 403 1723 450 culturam
1760 400 1968 457 attinet,

116 482 230 515 eam
271 485 372 514 non
414 468 613 515 semine
652 470 746 516 scd
783 468 934 517 taleis
973 471 1166 530 educi,
1206 481 1431 520 constat.
1503 471 1753 519 Rusticus
1790 470 1968 536 igitur,

116 546 458 601 posteaquam
498 536 714 583 fundum
764 540 1181 604 praeparaverit,
1234 556 1262 587 e
1317 539 1503 589 culmis
1557 539 1693 588 bene
1752 539 1973 587 maturis

118 604 246 653 folia
285 604 583 653 discindere
620 605 798 670 jubet,
841 625 1041 673 eosque
1082 609 1136 656 in
1173 610 1333 657 taleas
1363 609 1583 658 duorum
1619 608 1845 656 triumve
1882 624 1975 672 pe·

119 674 242 722 dum
280 673 612 738 longitudine
661 686 835 725 sectos
890 678 1051 726 sulcis
1098 677 1455 726 immittendos
1506 689 1752 744 terraque
1787 676 1979 726 leviter

120 743 427 791 obruendos
463 756 625 793 curat.
704 745 892 795 Sulcos
931 763 1029 812 per
1067 749 1232 796 series
1269 746 1494 795 invicem
1531 747 1661 796 duos
1700 746 1863 811 pedes
1901 744 1977 793 di·
2045 765 2049 772 s

125 822 320 859 stantes
356 811 652 872 deducunt,
708 831 798 862 sex
831 814 912 864 vel
953 828 1154 881 septem
1192 815 1415 880 pollices
1453 815 1619 878 altos;
1655 815 1815 864 taleas
1852 830 1979 864 vero

122 880 195 950 ita
233 892 470 945 ponunt,
523 893 580 930 ut
636 882 796 932 altera
849 886 1060 951 quidem
1111 885 1441 933 extremitate
1497 885 1600 933 sibi
1652 884 1976 950 contingant,

122 966 192 997 ne
227 950 340 997 sine
378 952 556 998 fructu
593 961 768 1000 terrae
800 954 1021 1017 spatium
1052 955 1323 1017 perdatur,
1363 964 1519 1021 atque
1545 970 1777 1019 gemmas
1815 952 1870 1000 in
1909 952 1981 1000 la-

121 1029 238 1067 tere
276 1018 483 1077 ferant,
537 1037 641 1086 quo
692 1022 899 1070 facilius
953 1022 1083 1072 haec
1137 1040 1309 1072 novae
1347 1022 1517 1088 prolis
1553 1023 1851 1071 rudimenta
1890 1011 2012 1070 ex-¹

123 1104 353 1154 surgere*
400 1089 620 1153 possint.
707 1093 803 1139 Est
853 1092 984 1139 alius
1033 1104 1308 1157 praeterea
1359 1091 1542 1140 modus
1595 1091 1754 1140 taleas
1801 1101 1977 1139 terrae

125 1156 475 1216 immittendi,
525 1159 577 1206 in
618 1159 792 1217 India,
847 1178 1000 1226 quam
1048 1162 1102 1208 in
1150 1159 1376 1209 Brasilia
1425 1160 1793 1228 frequentior,
1849 1175 1982 1209 non-

125 1226 286 1274 nullis
336 1227 581 1274 nimirum
634 1229 1076 1297 brevioribusque
1127 1227 1338 1297 quidem
1387 1229 1603 1297 oblique
1642 1228 1869 1278 defossis
1907 1239 1981 1275 at-

128 1311 230 1362 que
268 1295 434 1344 libera
475 1298 802 1347 extremitate
839 1318 1042 1348 sursum
1079 1299 1544 1366 convergentibus.
1598 1302 1832 1364 Tempus
1860 1296 1982 1345 huic

127 1364 280 1429 operi
327 1365 674 1432 quodcunque
722 1367 1000 1426 idoneum,
1062 1368 1342 1417 dummodo
1391 1385 1516 1435 ager
1568 1366 1984 1416 humidiusculus

129 1433 234 1493 sit,
282 1446 455 1502 neque
504 1436 719 1485 ardores
772 1437 1008 1487 continui
1050 1438 1387 1487 immineant.
1471 1438 1688 1487 Fundus
1736 1437 1901 1504 igitur
1936 1434 1984 1483 si

128 1513 314 1551 natura
353 1517 430 1552 est
469 1505 697 1554 sicciore
737 1518 788 1554 et
818 1507 1040 1556 exiliore
1074 1509 1229 1556 taleas
1262 1516 1463 1572 ponunt
1492 1506 1778 1573 praecipue
1807 1520 1987 1554 mense

131 1574 353 1631 Martio,
408 1575 550 1621 inter
598 1575 805 1624 ultimas
860 1576 1094 1641 pluvias3
1149 1577 1193 1625 si
1240 1577 1465 1642 spissior
1510 1587 1564 1625 et
1606 1576 1770 1643 magis
1806 1574 1991 1624 hume-‘

134 1651 250 1689 ctus
287 1644 575 1708 praecipue
615 1645 933 1707 Septembri.
1003 1648 1115 1693 Jam
1155 1648 1336 1711 paucis
1374 1655 1492 1709 post
1529 1645 1713 1694 diebus
1751 1659 1991 1711 gemmae

133 1711 490 1776 grandescere
539 1714 826 1780 incipiunt,
884 1731 1151 1782 novosque
1200 1715 1397 1763 culmos
1434 1713 1671 1782 foliaque
1709 1713 1991 1774 emittere3

138 1779 232 1847 qui
284 1780 405 1828 dum
469 1785 838 1833 nonnullorum
907 1784 1099 1849 pedum
1163 1785 1493 1833 altitudinem
1557 1783 1736 1849 adepti
1790 1792 1988 1841 essent,

136 1849 489 1915 pulvinantur.
563 1853 708 1901 Idem
745 1871 906 1918 porro
945 1853 1094 1902 labor
1155 1864 1276 1918 post
1324 1865 1436 1901 tres
1493 1869 1697 1902 menses
1732 1851 1994 1917 repetitus

139 1931 192 1969 et
229 1921 464 1970 zizaniae
518 1923 829 1988 exstirpatio
879 1923 983 1987 jam
1029 1923 1212 1971 rustici
1265 1923 1331 1971 de
1369 1921 1659 1973 sacchareti
1691 1937 1867 1972 curam
1904 1920 1995 1968 ab·

142 1990 382 2052 solvunt3
432 1992 487 2038 in
539 2008 631 2039 sex
682 2004 871 2040 octove
919 1992 1112 2057 pedum
1166 1991 1499 2040 altitudinem
1555 1992 1736 2041 hastae
1786 2005 1999 2039 excres-

142 2071 268 2122 cunt
304 2071 357 2108 et
395 2077 586 2109 novem
624 2061 883 2109 mensium
921 2072 1090 2109 aetate
1128 2078 1339 2126 magnas
1375 2058 1565 2109 florum
1605 2060 1871 2126 paniculas
1908 2075 1997 2107 ex-

142 2139 340 2178 serunt.
415 2131 718 2178 Demittunt
755 2130 980 2197 denique
1018 2129 1144 2179 solia
1184 2130 1441 2179 inferiora
1480 2130 1740 2198 nudisque
1774 2127 1996 2177 annullis

144 2198 548 2248 maturationem
573 2201 816 2255 innuunt,
859 2217 1011 2265 quam
1050 2199 1262 2265 quidem
1295 2212 1479 2248 nactos
1516 2217 1632 2249 esse
1668 2198 1840 2248 nitido
1879 2214 1998 2247 cor-

145 2270 255 2318 tice
312 2267 535 2334 probant
586 2279 743 2336 atque
784 2279 926 2316 certa
975 2271 1236 2329 mollitie,
1302 2269 1374 2317 ita
1424 2279 1481 2316 ut
1529 2280 1856 2335 prementem
1906 2284 2002 2315 un-

149 2355 305 2405 guem
342 2339 619 2404 recipiant.
691 2340 922 2389 Medulla
959 2340 1118 2388 culmi
1154 2338 1271 2387 tunY
1299 2338 1582 2387 subcanum
1619 2338 1854 2387 colorem
1902 2351 2006 2400 pro

151 2407 428 2474 primitivo
494 2409 612 2457 albo
673 2410 907 2476 accepit,
973 2409 1321 2477 tractantique
1375 2418 1532 2456 tenax
1589 2408 1817 2457 videtur.
1895 2404 2008 2454 Ali·

152 2487 283 2544 quot
320 2477 616 2544 agricolae,
654 2490 938 2544 praecepta
975 2479 1284 2528 colonorum
1321 2478 1502 2527 Indiae
1538 2475 1885 2526 occidentalis
1922 2490 2004 2524 se-

155 2546 295 2606 cuti,
335 2547 435 2612 jam
470 2559 590 2596 ante
626 2549 760 2597 hanc
796 2547 1109 2615 periodum,
1159 2551 1338 2614 itaque
1376 2564 1481 2596 non
1516 2564 1637 2595 raro
1669 2546 1815 2612 prius
1853 2559 2009 2611 quam

153 2616 330 2683 planta
367 2634 525 2666 unum
579 2636 767 2667 annum
816 2618 1092 2684 tetigerit,
1145 2628 1358 2678 secant3
1418 2616 1507 2664 alii
1553 2632 1683 2665 vero
1727 2613 2012 2665 nonnullos

153 2702 364 2735 menses
417 2698 742 2754 exspectant.
815 2689 1092 2737 Caeterum
1138 2684 1258 2735 fieri
1304 2703 1409 2735 non
1445 2695 1651 2751 potest,
1705 2694 1761 2731 ut
1797 2682 2009 2733 arundi-

153 2772 251 2804 nes
286 2772 497 2822 semper
532 2757 711 2806 eadem
750 2768 918 2805 aetate
956 2755 1327 2815 adhibeantur,
1381 2772 1540 2822 quum
1593 2754 1646 2802 in
1680 2770 1863 2820 magna
1899 2766 2012 2801 sac·

158 2825 305 2873 chari
344 2824 544 2875 fabrica
580 2826 831 2875 continuo
869 2826 968 2874 alia
1005 2827 1120 2875 loca
1156 2825 1344 2875 ordine
1384 2824 1610 2872 veniant.
1698 2826 1756 2870 In
1807 2839 1907 2889 qua
1951 2836 2018 2868 re

160 2894 265 2957 hoc
302 2911 462 2942 unum
499 2895 889 2960 respiciendum
929 2906 1040 2954 est,
1093 2911 1159 2943 ne
1209 2894 1492 2943 arundines
1549 2891 1747 2941 diutius
1780 2892 1835 2939 in
1871 2888 2014 2956 agris

161 2974 421 3023 maneant,
460 2976 743 3031 propterea
763 2963 904 3032 quod
942 2974 1247 3013 exarescant
1284 2974 1442 3030 atque
1479 2962 1533 3009 in
1562 2961 1760 3010 acidam
1779 2958 2012 3009 fermen-

164 3031 418 3081 tationem
470 3044 767 3091 transeant,
843 3034 895 3081 in
953 3051 1050 3099 qua
1098 3033 1396 3082 saccharum
1447 3042 1660 3095 paratur
1737 3027 2016 3078 inferioris

164 3111 357 3159 notae.
407 3103 547 3168 quod
596 3113 647 3150 et
699 3102 1039 3151 vehementer
1084 3112 1286 3168 spumat
1323 3111 1376 3149 et
1411 3097 1730 3148 difficillime
1763 3099 2013 3166 liquatur.

164 3170 468 3220 Arundines
488 3181 636 3219 acuta
660 3171 798 3219 falce
825 3171 964 3234 juxta
1004 3172 1169 3220 solum
1210 3180 1453 3219 secantur
1489 3184 1548 3217 ac
1583 3168 1636 3215 in
1672 3168 1792 3234 ipso
1828 3181 2016 3231 eampo

168 3239 336 3298 foliis,
375 3239 634 3305 paniculis
668 3240 1063 3307 stolonibusque
1091 3240 1399 3300 liberantur,
1449 3237 1540 3304 qui
1578 3236 1652 3285 ibi
1689 3234 2016 3286 stercorandi

172 3325 327 3372 causa
374 3307 762 3376 relinquuntur.
849 3310 977 3357 Post
1024 3310 1155 3357 hanc
1204 3323 1427 3356 messem
1464 3307 1696 3356 terrain
1733 3303 2016 3354 arundines

176 3389 436 3427 maternas
485 3388 853 3438 coacervatur,
915 3378 1089 3427 denuo
1138 3388 1354 3442 purgata
1405 3391 1462 3424 ac
1486 3386 1768 3434 renovata,
1832 3373 2018 3439 sicque

174 3448 349 3498 omnia
400 3447 542 3499 :facta
588 3459 737 3508 sunt,
790 3460 846 3498 ut
896 3458 1018 3514 post
1066 3457 1265 3497 certam
1310 3444 1588 3514 periodum
1625 3444 1799 3511 opima
1832 3440 2020 3497 messis

2087 271 2100 328 l

2092 402 2100 442 τ’,

2096 447 2100 459 ι
