2100 3882
1782 130 1880 180 585

34 281 218 328 Donec
255 274 318 326 ad
355 283 636 323 extremam
673 273 843 322 victor
878 272 1172 340 pervaserit
1210 288 1376 324 oram.

35 367 147 415 Nec
183 364 335 412 labor
372 360 462 410 ille
498 360 672 408 minor
708 373 914 422 caesa8‚
966 377 1256 428 campoque
1305 360 1557 430 jacentes

39 452 362 519 Sublegere,
411 449 574 514 inque
625 461 747 493 suos
797 462 988 496 cannas
1039 447 1385 514 compingere
1433 446 1621 496 fasces.

39 534 229 585 Vincla
277 534 465 599 procul
517 548 583 581 ue
622 548 817 598 quaere
865 545 1066 593 tamen,
1116 552 1234 583 nam
1279 534 1438 584 molle
1487 550 1755 596 cacumen,

34 622 209 688 Atque
248 620 377 669 adeo
415 621 471 669 in
520 620 737 686 laqueos
774 620 999 669 trahitur
1043 638 1190 671 coma
1226 622 1363 670 lenta
1401 633 1651 673 retortos.

22 709 148 778 'Hos
187 708 436 757 adhibent
483 706 669 754 funes:
702 722 890 755 cannas
930 718 984 756 et
1018 707 1163 756 fasce
1202 709 1295 757 sub
1332 727 1436 759 uno

42 797 137 844 Bis
175 812 266 844 sex
302 793 706 860 constringunt,
745 794 1098 862 plaustrisque
1138 796 1470 860 gementibus
1503 795 1726 847 addunt:

42 882 136 930 Sin
177 881 461 947 interjecto
499 882 685 947 procul
726 881 895 931 absint
930 879 1147 930 flumine
1184 884 1396 948 praela,

43 969 318 1017 Lintribus
358 980 443 1017 aut
483 968 665 1034 cymba
702 968 965 1017 cumulant
1001 970 1250 1019 vectanda
1289 971 1502 1037 capaci:

45 1057 220 1124 Atque
266 1056 355 1106 hic
402 1056 503 1123 jam
551 1056 701 1106 lectis
753 1055 905 1105 labor
947 1055 1158 1106 ultimus
1205 1057 1363 1106 instat
1411 1058 1607 1109 avenis.

180 1143 395 1208 Excipit
429 1143 665 1209 hospitio
705 1143 950 1194 devectas
988 1145 1222 1212 undique
1261 1160 1450 1194 cannas

43 1233 161 1282 Alta
210 1231 395 1280 domus
445 1232 630 1291 tectis,
688 1231 965 1298 spatioque
1014 1214 1333 1298 amplissima
1380 1242 1519 1282 toto:

44 1320 148 1369 Hic
197 1319 342 1369 locus
397 1330 477 1367 est
529 1318 754 1384 praelis:
807 1318 894 1368 hic
957 1320 1126 1384 surgit
1173 1319 1384 1387 aquaria
1432 1318 1617 1368 moles.

45 1409 142 1456 Est
179 1417 294 1456 rota
330 1406 676 1472 praegrandis
715 1405 918 1471 primo,
970 1417 1254 1473 exceptura
1290 1406 1493 1455 ruentis

42 1494 257 1543 Pondus
305 1511 499 1561 aquae,
550 1493 714 1542 radiis
766 1504 1038 1559 compacta
1076 1493 1391 1552 trabalibus,
1431 1493 1622 1562 axique

48 1580 254 1639 Affixa,
294 1591 470 1630 aerato
512 1580 602 1647 qui
640 1579 854 1630 cardine
892 1581 1141 1649 utrinque
1180 1580 1458 1630 recumbit.

48 1669 305 1735 Porgitur
344 1686 372 1717 e
411 1668 620 1728 medio,
662 1680 713 1717 et
746 1669 1015 1735 procurrit
1053 1669 1235 1735 stipite
1274 1669 1435 1736 longo

51 1758 213 1819 Axis;
261 1757 325 1806 ad
381 1767 674 1806 extremum
725 1756 973 1805 breviore
1012 1756 1304 1806 minuscula
1357 1773 1490 1824 gyro
1584 1819 1588 1825 ἱ

50 1844 229 1894 Altera
281 1843 381 1893 fixa
427 1855 545 1893 rota
596 1857 705 1904 est,
757 1855 924 1893 totum
974 1843 1183 1893 dentata
1238 1861 1338 1911 per
1391 1844 1592 1894 orbem.

54 1922 201 1980 Haec
239 1942 435 1980 motum
472 1932 707 1998 primae,
746 1942 887 1982 totus
927 1949 1031 1999 quo
1068 1932 1299 1982 volvitur
1335 1932 1471 1992 axis,

56 2020 256 2070 Versus
291 2018 505 2068 humum
544 2037 606 2069 ex
644 2020 747 2069 alto
787 2020 1026 2087 sequitur
1061 2020 1327 2086 vertigine
1363 2019 1535 2081 tarda,

51 2109 122 2162 Et
174 2108 384 2174 quoties
433 2106 658 2155 redeunt
712 2125 916 2155 sursum
965 2118 1111 2156 certo
1174 2108 1363 2158 ordine
1410 2108 1627 2169 dentes,

54 2194 326 2244 Mordicus
364 2193 612 2260 impingit
648 2194 812 2243 vicini
850 2195 1092 2244 dentibus
1130 2183 1308 2245 orbis:

56 2284 213 2331 Extat
248 2281 418 2341 enim,
458 2292 613 2349 atque
653 2283 769 2329 sinu
806 2283 1167 2348 supereminet
1202 2283 1375 2332 orbita
1410 2293 1559 2334 vasto

60 2369 280 2428 Tertia,
320 2386 504 2435 quam,
543 2385 707 2418 vacuo
744 2369 929 2420 librata
969 2371 1109 2438 quod
1147 2388 1269 2420 aere
1307 2387 1491 2421 cursus

63 2457 267 2506 Circuit
305 2456 470 2505 instar
507 2456 613 2505 avis
636 2493 648 2516 ,
688 2458 879 2507 merito
917 2459 1099 2507 dixere
1129 2456 1415 2507 celantem.

61 2547 197 2603 Ista,
235 2554 383 2593 rotae
421 2544 632 2611 quoties
668 2562 848 2594 morsu
886 2556 966 2594 est
1002 2556 1249 2611 correpta
1285 2545 1538 2605 minoris,

59 2633 217 2682 Pulsa
256 2631 428 2697 agitur
463 2631 687 2692 circum,
727 2648 1012 2700 secumque
1052 2634 1273 2682 revolvit
1309 2645 1360 2682 et
1397 2650 1574 2683 axem:

63 2719 379 2785 Subpositos
418 2717 623 2767 demum
663 2720 775 2785 ipsa
815 2731 992 2768 movet
1027 2721 1262 2770 revoluta
1298 2731 1547 2787 trapctes.

65 2807 282 2856 Robora
315 2816 466 2855 terna
502 2807 673 2871 (gravi
712 2823 844 2874 quae
878 2807 1067 2856 lamina
1105 2807 1293 2858 vestiat
1331 2825 1486 2869 aere,

65 2895 321 2969 Quaeque
371 2892 675 2942 rotundanti
722 2894 905 2943 dextra
953 2894 1105 2944 faber
1152 2905 1271 2943 ante
1324 2894 1548 2956 dolarit,

63 2983 134 3030 Et
173 2980 347 3029 medio
387 2991 620 3029 extantes
661 2981 904 3048 cingant,
960 2993 1083 3049 apto
1121 2981 1342 3040 ordine,
1398 2983 1610 3047 dentes)

67 3071 209 3115 Intra
246 3084 446 3129 arcam,
487 3085 550 3116 ex
590 3079 815 3136 quatuor
851 3087 982 3137 quae
1006 3069 1263 3136 *postibus
1299 3080 1412 3119 arte
1449 3070 1674 3131 locatis,

67 3160 238 3220 Atque
280 3172 434 3220 supra
470 3154 674 3204 innexis
716 3156 784 3204 sit
820 3155 970 3206 firme
1009 3158 1217 3207 condita
1255 3157 1451 3224 tignis,

65 3241 258 3289 Limite
294 3251 434 3289 stent
469 3253 647 3301 recto,
684 3243 846 3309 tignis
885 3245 1080 3295 inserta
1121 3261 1378 3310 superne,

68 3330 138 3376 Et
175 3328 398 3376 verubus
436 3328 653 3378 subnixa
691 3332 825 3380 suis:
867 3350 925 3382 ea
963 3334 1164 3383 torcula
1204 3344 1373 3382 sunto.

73 3416 361 3480 Supremae
397 3414 483 3464 illa
517 3427 662 3466 rotae
701 3418 922 3470 subsunt
956 3420 1058 3471 tria
1094 3420 1317 3479 robora,
1356 3427 1556 3469 motum
