2100 3882
170 133 272 187 590

171 281 340 358 Quam
380 273 479 325 tibi
515 263 797 322 flamineus
849 265 996 333 large
1039 263 1386 316 madefecerit
1436 265 1655 328 humor,

165 365 463 421 Sacchara‚
503 371 556 411 et
589 356 852 422 oblongos
892 352 1021 415 (nisi
1065 353 1316 404 straveris
1355 355 1500 416 ante)
1539 353 1747 402 canales

171 457 363 506 Sterne
399 449 543 507 solo,
582 445 673 513 qui
717 441 874 491 mella
913 441 1032 490 sinu
1063 438 1267 490 fluxura
1309 452 1622 509 receptent,

170 540 482 606 Effosisque
524 533 626 583 alte
658 526 1141 597 jubeant'stagnare
1181 530 1398 578 lacunis.

169 632 406 695 Namque
454 623 546 673 ubi
587 619 928 675 sacchare08‚
968 615 1176 682 lympha
1209 628 1477 676 vectante,
1515 635 1760 670 recessus

170 721 337 768 Lenta
378 711 548 771 subit,
590 707 892 773 sensimque
924 721 1106 754 omnes
1146 704 1332 771 argilla
1364 716 1564 756 meatus

175 803 406 876 Affrictu
452 800 615 856 laxat,
656 795 819 846 sudor
852 791 971 841 fluit
1016 792 1253 859 undique
1299 791 1429 840 rivis

170 891 426 951 Melleus‚
466 899 519 937 et
543 885 707 936 flavos
737 869 982 933 emittunt
1019 878 1264 929 sacchara
1292 878 1519 928 nimbos.

170 983 240 1030 At
276 994 432 1038 cave,
470 992 537 1025 ne
568 985 734 1023 totam
755 1008 780 1031 ,1
809 980 999 1038 quanta
1040 977 1151 1025 est,
1191 966 1390 1015 undare
1429 966 1664 1016 lacunam

170 1047 501 1132 Replerique
544 1062 716 1111 sinas:
755 1057 1016 1126 placidam
1043 1072 1255 1105 servare
1287 1054 1525 1122 quietem

172 1159 343 1221 Saepe
387 1153 525 1202 latex
567 1148 777 1208 nescit,
817 1146 1089 1212 fundoque
1126 1142 1356 1210 assurgit
1390 1142 1452 1191 ab
1487 1141 1596 1191 imo
1628 1127 1644 1137 J

170 1246 462 1310 Spumeus,
502 1249 661 1307 atque
696 1236 842 1286 datos
879 1232 1034 1282 audet
1078 1230 1456 1280 transcendere
1501 1227 1653 1278 fines.

169 1331 312 1382 Huic
357 1341 530 1378 tamen
561 1337 643 1375 est
686 1322 955 1373 medicina
998 1319 1164 1379 malo,
1202 1315 1465 1387 furiisque
1513 1316 1788 1368 domandis

177 1416 431 1469 Proderit
465 1431 719 1481 expresso
758 1409 1003 1478 guttatim
1040 1423 1325 1473 aspergere
1372 1406 1537 1465 citro,

173 1510 304 1557 Cum
359 1503 516 1562 furit,
566 1502 871 1558 humorem,
930 1496 1101 1545 donec
1161 1494 1357 1543 sensim
1422 1505 1683 1561 excoquat
1737 1493 1897 1552 iram,

168 1597 240 1644 Et
276 1592 458 1658 posito
502 1589 707 1638 clausus
745 1589 912 1636 discat
955 1583 1303 1651 requiescere
1345 1594 1507 1630 motu.

313 1683 445 1730 Cum
480 1677 688 1727 tandem
736 1677 961 1739 abrupto
1001 1671 1282 1721 cessabunt
1330 1669 1574 1720 sacchara
1615 1668 1794 1733 fluxu,

171 1770 431 1834 Nullaque
468 1764 775 1830 subpositos
811 1763 1041 1830 intinget
1076 1772 1219 1827 gutta
1261 1757 1503 1817 canales,

171 1863 405 1923 Tempus
439 1865 492 1903 et
521 1852 740 1919 argillae
773 1861 1005 1911 crustas,
1046 1863 1409 1915 quaecumque
1445 1856 1760 1911 supersunt,

170 1946 410 2001 Vellere,
450 1953 505 1992 et
539 1951 726 1990 exacte
769 1955 993 1987 summas
1022 1936 1331 2002 abstergere
1364 1945 1547 1982 metas·
1602 1959 1605 1961 ·

173 2037 290 2084 Non
340 2031 464 2081 satis
506 2029 665 2078 haec:
733 2038 854 2093 apto
909 2025 1042 2073 male
1106 2022 1326 2072 candida
1393 2021 1638 2070 sacchara
1683 2017 1832 2072 ferro

172 2122 252 2172 Ad
294 2120 519 2186 palmum
561 2115 817 2172 effodies,
860 2112 1212 2178 effossamque
1255 2110 1487 2176 undique
1534 2107 1671 2158 vasis

173 2213 231 2259 In
270 2209 401 2257 libra
442 2205 691 2267 diduces‚
732 2214 931 2251 structo
966 2202 1106 2250 velut
1140 2217 1366 2267 aggere,
1408 2213 1648 2246 massam.

174 2298 262 2348 Sic
308 2295 490 2343 faciles
536 2293 707 2341 aditus
742 2289 1012 2339 humentia
1057 2287 1301 2338 sacchara
1336 2284 1596 2353 praebent

172 2384 326 2441 Acri,
369 2394 422 2430 et
463 2380 730 2429 imbibitas
777 2378 1018 2427 exhalant
1048 2374 1345 2442 promptius
1393 2372 1573 2421 undas.

171 2476 338 2526 Tum,
382 2482 655 2536 postquam
696 2469 912 2516 veniens
948 2477 1029 2513 ter
1073 2464 1266 2531 pandet
1303 2461 1522 2510 Lucifer
1561 2457 1744 2508 orbem
1768 2494 1783 2519 ‚

114 2556 128 2564 α
173 2561 368 2608 Cuncta
408 2557 516 2605 suis
557 2573 817 2621 compone
864 2554 1026 2612 loeis,
1069 2566 1478 2616 compressaque
1516 2565 1701 2596 rursus

171 2648 320 2713 Unge
361 2646 495 2692 lutu:
536 2654 587 2692 et
630 2643 842 2710 quoties
893 2641 991 2689 tibi
1035 2640 1243 2689 claudet
1290 2640 1497 2703 Vesper
1541 2636 1852 2701 Olympum,

177 2735 414 2796 Pergere
459 2731 646 2781 fovere
687 2748 865 2787 manu,
907 2729 1159 2794 tenuique
1199 2727 1378 2794 rigare
1421 2724 1637 2774 fluento.

177 2821 275 2869 Ast
309 2820 399 2869 ubi
437 2818 764 2869 sacchaream
804 2815 922 2864 ficri
961 2817 1037 2865 sic
1076 2832 1197 2864 vase
1235 2814 1493 2862 minorem

176 2908 417 2973 Aspicies
455 2917 674 2964 metam,
732 2915 787 2952 ut
823 2906 993 2969 palmo
1030 2903 1314 2953 subsiderit
1337 2939 1349 2961 ‚
1389 2901 1551 2949 undas

175 2994 385 3043 Addere
423 3011 579 3059 parce
616 3011 804 3050 novaS,
845 2992 1072 3040 residem
1113 2991 1299 3057 procul
1336 2972 1772 3053 abjicedcretam,

175 3083 245 3130 Et
282 3081 426 3137 sine,
467 3079 655 3137 dilutas
696 3079 931 3127 emittant
969 3078 1212 3128 sacchara
1250 3077 1455 3135 faeces,

177 3169 350 3236 Atque
389 3185 533 3216 suum
574 3165 819 3224 redeant,
861 3165 1064 3231 lympha
1099 3167 1396 3223 minuente,
1444 3164 1690 3230 rigorem.

312 3257 518 3302 Interea
554 3254 800 3320 recoqui,
853 3254 897 3322 si
935 3254 1075 3301 sorte
1111 3252 1336 3318 juvabit,
1377 3251 1559 3299 alicnis

175 3345 330 3394 Mella
370 3341 516 3408 prius
554 3341 775 3391 collecta
809 3338 963 3405 jube3
1003 3355 1360 3406 concussaque
1397 3351 1541 3388 motu

175 3431 422 3488 Assidu0‚
462 3446 580 3478 cum
614 3429 765 3495 pigra
801 3425 994 3486 fluent,
1045 3426 1140 3476 sub
1179 3444 1299 3478 vasa
1333 3430 1593 3482 recondes
