2100 3882
651 128 997 177 Gnammzan.
1073 125 1338 174 Pliniana.
1824 125 1926 176 295

64 275 133 325 tis
161 274 272 325 basi
304 276 469 324 acutis
497 273 678 323 subtus
709 272 1078 340 pallidioribus
1121 273 1427 341 ibidemque
1456 283 1510 322 et
1541 271 1779 339 margine
1813 286 1926 321 sca-

65 344 208 405 bris,
247 346 355 393 oris
391 346 598 394 setosis.

197 428 421 480 Habitat
450 430 500 478 in
532 426 702 497 sylvis
729 427 801 476 ad
840 425 1050 494 Japnra'
1083 422 1318 489 flavium
1357 425 1667 495 provinciae
1721 421 1924 472 Flumi-

58 499 143 550 nis
180 499 355 568 Nigri.
441 503 511 563 15.

198 589 482 640 Observ.
530 590 567 636 1.
651 586 996 636 Parianae
1064 587 1478 649 campestri,
1532 581 1756 644 Aubl.,
1795 597 1922 646 pro·

21 658 220 724 'xima‚
262 658 469 708 differt:
509 656 654 706 foliis
697 656 904 706 ratione
946 654 1240 703 latitudinis
1282 653 1652 720 longioribus,
1699 670 1732 716 7
1765 649 1925 715 polli-

56 744 145 776 ces
182 728 386 793 longis,
433 725 492 794 v}
521 727 745 790 pollices
776 725 925 783 latis,
975 725 1089 772 basi
1132 724 1304 770 minus
1347 725 1631 788 angustatis
1662 722 1922 787 apicequc

53 796 265 863 longius
292 797 602 854 attenuatis,
643 797 824 844 subtus
857 794 1049 859 pallide
1087 792 1349 841 viridibus
1390 792 1572 858 ibique
1609 803 1661 841 et
1699 791 1762 840 ad
1788 807 1923 838 mar-

53 867 234 933 ginem
288 865 486 914 scabris
543 864 672 930 (ope
714 865 1115 914 tuberculorum
1166 860 1696 922 minutissimorum),
1744 875 1920 927 neque

55 936 253 1001 glaucis
301 947 458 1002 atque
489 934 759 996 laevibus;
812 934 953 982 ciliis
994 934 1060 983 ad
1092 949 1212 981 oras
1250 930 1554 997 vaginarum
1595 932 1769 979 minus
1798 946 1925 979 con-

53 1004 288 1068 spicuis;
327 1004 601 1053 involucro
633 1021 818 1070 parum
857 1003 1162 1067 angustiore
1185 1038 1197 1061 ,
1247 1001 1362 1049 basi
1412 1000 1622 1067 longius
1654 1001 1922 1066 strigos03

53 1073 244 1139 glumis
276 1090 305 1121 e
335 1074 448 1122 basi
492 1074 684 1122 latiore
734 1072 949 1139 obliqua
993 1072 1151 1138 longe
1203 1070 1548 1128 acuminatis,
1604 1070 1719 1117 sere
1764 1068 1924 1117 subu-

52 1141 202 1201 latis·‚
241 1142 393 1190 basin
435 1160 614 1191 versus
657 1143 818 1208 longe
865 1142 1061 1190 ciliatis
1118 1146 1316 1206 (neque
1356 1137 1741 1188 'minutissimis
1786 1137 1923 1186 ciliis

50 1211 281 1270 cinctis.)
316 1242 385 1252 —-
422 1213 655 1261 Stamina
705 1211 771 1261 30
817 1211 1009 1262 inveni.
1084 1210 1306 1260 Glumae
1340 1209 1600 1258 masculae
1645 1206 1922 1274 tri-quin-

54 1297 368 1349 quenerves.

187 1368 466 1418 Observ.
505 1371 564 1417 ΙΙ.
640 1370 935 1418 Pariana
974 1367 1402 1432 campestris
1440 1363 1658 1425 Raddi,
1708 1362 1921 1430 Agros-

49 1445 188 1504 togr.
227 1434 384 1485 Bras.
429 1454 482 1504 p.
538 1439 645 1497 ι8.,
703 1438 765 1487 ab
804 1438 902 1486 hac
956 1437 1138 1504 specie
1180 1437 1289 1486 sola
1342 1435 1647 1501 vaginarum
1691 1433 1919 1483 hirsutie

0 1521 1 1552 ἕ
50 1505 275 1557 differre
316 1506 541 1557 videtur.

468 1675 896 1724 4.PAR1ANA
943 1680 1414 1723 SYLVESTRIS.
1463 1669 1491 1720 †

179 1793 240 1841 Ρ.
271 1791 565 1842 involucris
597 1792 711 1841 basi
743 1792 989 1858 setigeris
1015 1829 1026 1852 ,
1069 1792 1257 1858 glumis
1287 1791 1534 1840 masculis
1562 1787 1784 1840 valvulis
1810 1798 1917 1839 ter-

43 1860 115 1910 tia
162 1872 312 1927 parte
376 1862 715 1912 brevioribus
762 1861 1460 1920 lanceolam-acuminatis,
1525 1859 1672 1909 foliis
1732 1870 1917 1909 ovato—

45 1930 288 1998 oblongis
344 1931 654 1981 acuminatis
709 1932 823 1982 basi
866 1932 1160 1981 rotundatis
1216 1931 1396 1981 subtus
1454 1928 1917 1998 glaucescentibus

43 2000 386 2068 margineque
422 2001 643 2061 scabris,
684 2003 794 2052 oris
830 2001 1041 2051 setosis.

179 2085 400 2136 Habitat
430 2088 482 2138 in
517 2088 689 2156 sylvis
717 2088 1006 2158 primaevis
1049 2087 1166 2136 udis
1208 2105 1377 2156 prope
1418 2085 1568 2136 Pani
1601 2085 1914 2153 provinciae

42 2152 326 2206 Parae'nsis
346 2194 359 2218 ,
399 2167 560 2225 alque
593 2159 732 2208 inter
765 2158 990 2208 Cae-hias
1020 2168 1069 2207 et
1110 2156 1527 2226 Jssi'i'ceragnamzm
1549 2195 1563 2221 ,
1598 2156 1912 2222 provinciae

39 2223 538 2292 lilaragnaniensis.
613 2227 705 2278 ΠΙ.
744 2228 960 2296 Aprili,
1001 2226 1179 2277 sziO.
1263 2234 1336 2290 '23-

176 2314 449 2365 Observ.
520 2316 865 2365 Parianae
918 2317 1163 2365 scabra
1210 2329 1424 2384 praeter
1472 2316 1601 2366 folia
1651 2333 1910 2383 perquam

42 2381 233 2432 similis
265 2396 357 2434 est.
430 2387 577 2435 Haec
622 2397 796 2435 autem
836 2403 864 2434 e
903 2386 1014 2434 basi
1048 2389 1364 2447 rotundata,
1405 2387 1460 2434 in
1491 2386 1756 2434 nonnullis
1789 2384 1908 2434 sub-

45 2453 290 2510 cordata,
346 2454 637 2517 derepente
683 2457 737 2504 in
786 2455 1045 2522 petiolum
1096 2468 1395 2513 contracta,
1450 2454 1906 2521 ovato-oblonga,

41 2524 362 2581 acuminata,
416 2525 642 2590 pollices
691 2527 759 2590 5}
803 2526 959 2592 longa
1014 2536 1067 2572 et
1106 2544 1277 2592 prope
1332 2528 1395 2574 affl
1450 2525 1597 2573 basin
1658 2524 1909 2590 pollicem

47 2589 107 2655 12}
142 2591 269 2649 lata,
312 2593 494 2643 subtus
525 2594 690 2660 magis
731 2595 940 2660 glauca,
995 2594 1391 2645 distinctionem
1447 2594 1747 2657 specificam
1789 2611 1906 2659 pos-

40 2674 166 2708 cere
200 2661 462 2711 videntur.
548 2664 821 2713 Accedunt
869 2666 1073 2730 glumac
1126 2666 1344 2715 valvulis
1393 2665 1547 2713 tertia
1593 2676 1743 2729 parte
1783 2663 1907 2711 bre-

39 2729 250 2791 viores,
303 2731 700 2790 bi-trinerves,
757 2734 853 2782 sed
898 2733 1131 2797 ejusdem
1172 2735 1374 2784 formae
1419 2751 1476 2782 ac
1521 2734 1572 2781 in
1613 2734 1905 2782 Pariana

42 2799 311 2860 scabra,
355 2812 408 2849 et
448 2803 635 2851 eodem
692 2804 850 2851 modo
901 2803 1125 2852 ciliatae.
1212 2805 1488 2853 Iavolucra
1541 2821 1748 2852 sursum
1793 2802 1902 2870 gla-

35 2863 317 2917 briuscula-.
392 2872 625 2939 Vaginae
669 2873 988 2935 perbreves,
1029 2875 1290 2931 sulcatae,
1345 2873 1408 2920 ad
1454 2890 1568 2921 oras
1610 2875 1770 2939 longe
1817 2889 1899 2921 se—

35 2944 198 3015 tosae.
266 2939 483 2991 Valvula
526 2941 741 2991 masculi
774 2942 1020 3008 superior
1051 2944 1398 3001 acutiuscula,
1437 2942 1589 2993 nuda.
1663 2941 1898 2992 Stamina

39 3012 255 3055 circiter
295 3016 376 3068 24.

173 3095 324 3145 Anne
361 3097 587 3148 varietas
624 3099 960 3148 Parianae
1001 3100 1333 3150 scabrae?

535 3236 574 3274 5.
623 3243 1313 3281 PARIANA'LUNATA.
1361 3236 1388 3286 ἦ*

173 3340 234 3389 P.
266 3340 548 3394 involucris
579 3346 987 3411 pubescentibus
1008 3385 1019 3399 ,
1058 3349 1250 3415 glumis
1282 3351 1521 3397 masculis
1538 3348 1754 3398 valvulis
1776 3347 1892 3413 plus

38 3408 196 3488 duplo
225 3409 559 3463 brevioribus
594 3417 839 3483 oblongis
883 3418 1115 3476 obtusis,
1173 3420 1320 3467 foliis
1356 3416 1889 3466 lanceolam-oblon—

35 3493 148 3544 gis,
184 3479 295 3530 basi
328 3483 622 3533 rotundatis
657 3486 837 3535 subtus
869 3487 1409 3551 pubescenti-scabris
1441 3487 1702 3554 glabrisve
1733 3502 1890 3550 saepe
