2100 3882
578 114 926 165 Gaammnan.
999 114 1424 165 Tnicuffoeox.
1830 112 1938 165 ³43

197 257 427 310 Habitat
458 259 512 310 in
532 257 774 310 Brasilc'a
803 258 1137 310 anstralt'orc‘.
1185 267 1265 327 η..
1340 256 1582 324 (Sellow.
1618 285 1686 296 -
1734 258 1847 309 Vidi
1881 259 1935 309 in

62 326 225 380 Herb.
261 328 398 398 Reg.
433 328 640 388 Ber-ol.)

208 417 305 470 Ob
326 437 347 466 s
365 435 496 469 erv.
567 416 740 467 Radix
767 417 823 464 in
851 417 1054 466 nostris
1088 434 1284 481 repens
1312 417 1607 467 videbatur.
1658 416 1810 466 Folia
1838 417 1942 467 sic-

73 487 235 538 citate
268 489 577 554 complicata
607 487 721 535 basi
754 486 933 535 ciliato
953 487 1221 536 ·ba1·bata.
1293 488 1482 553 Ligula
1513 488 1740 554 integra.
1814 486 1945 537 Glu-

67 575 182 607 mae
212 557 445 624 spiculae
473 557 734 605 masculae
755 593 767 615 ,
805 572 974 622 aeque
1007 572 1066 604 ac
1085 555 1508 620 hermaphroditi
1538 559 1743 624 glumae
1765 593 1778 617 ,
1819 556 1943 604 sub-

63 627 561 677 villoso-sericeae.
638 626 746 674 Sed
778 625 1055 684 omnibus,
1116 642 1250 692 quae
1284 637 1513 688 restant,
1571 627 1941 676 convenienti-

66 695 194 756 bus,
258 695 522 744 diversam
570 694 632 742 ab
682 694 1100 743 Humboldtiana
1152 694 1244 742 illa
1294 697 1476 760 specie
1542 695 1660 758 (An
1680 697 1847 762 drop
1867 714 1940 748 0-

67 781 241 834 gone
276 775 496 826 torto,
534 763 705 813 Herb.
747 765 1009 824 Willd.)
1048 781 1156 812 non
1199 775 1522 829 reputamus.

455 902 498 942 2.
540 908 1106 946 TRACHYPOGON
1146 908 1443 944 310121218.
1503 902 1533 951 ἦ

198 997 291 1043 Tr.
341 993 515 1043 culmo
559 993 791 1060 simplici
838 993 991 1041 nodis
1031 993 1307 1052 barbatis,
1357 993 1505 1044 foliis
1555 993 1738 1044 subtus
1789 996 1939 1063 vagi-

61 1062 257 1131 nisque
278 1064 476 1131 glabris
511 1081 665 1128 supra
696 1064 1131 1129 pubescentibus,
1173 1063 1334 1130 ligula
1365 1075 1604 1112 truncata
1627 1100 1639 1121 ,
1679 1065 1822 1130 spica
1853 1084 1938 1115 so-

66 1134 273 1191 litaria,
312 1133 496 1181 rhachi
537 1133 744 1198 glabra,
798 1133 991 1199 glumis
1035 1133 1271 1197 spiculae
1304 1132 1503 1182 fertilis
1538 1134 1942 1199 (pedicellatae)

62 1203 299 1260 villosis,
353 1204 513 1251 arista
553 1203 862 1268 longissima
893 1203 1119 1254 villoso·
1141 1203 1375 1263 sericea,
1426 1203 1656 1252 mascula
1688 1204 1941 1271 (spicula)

60 1273 350 1321 lanceolata
380 1272 726 1337 subsetigera.

198 1360 434 1409 Medium
490 1369 639 1408 tenet
692 1359 869 1408 locum
912 1360 1056 1408 inter
1093 1359 1719 1427 Trachypogonem
1755 1363 1937 1411 Mon-

65 1429 279 1478 tufari
318 1442 371 1478 et
407 1441 715 1496 sequentem
756 1433 800 1477 T
818 1447 860 1476 r.
904 1442 1406 1479 canescentem.
1480 1431 1813 1481 Conveniunt
1841 1431 1933 1478 isti

63 1509 290 1559 statura,
344 1500 521 1564 spicae
573 1498 994 1565 compositione,
1049 1499 1322 1548 aristarum
1367 1501 1742 1567 proportione.
1813 1500 1940 1549 Dif-

63 1567 172 1616 fert
208 1580 380 1617 autem
418 1579 604 1617 noster
657 1586 684 1617 a
727 1568 937 1633 priore:
987 1567 1133 1617 foliis
1175 1567 1444 1627 flaccidis,
1508 1569 1846 1619 brevioribus
1884 1582 1938 1620 et

64 1637 489 1703 angustioribus,
541 1654 648 1685 non
679 1638 911 1693 scabris,
964 1637 1058 1685 sed
1103 1638 1240 1686 facie
1291 1657 1458 1705 prona
1494 1639 1933 1705 pubescentibUS,

60 1706 376 1774 plerumque
424 1707 627 1772 planis3
677 1706 840 1773 ligula
888 1706 1048 1772 duplo
1093 1707 1347 1758 breviore
1386 1710 1462 1769 (in
1505 1708 1778 1758 fasciculis
1822 1720 1937 1758 tan-

61 1778 332 1826 tummodo
380 1776 680 1842 elongata),
733 1778 786 1824 in
825 1776 972 1825 foliis
1006 1776 1180 1827 culmo
1219 1789 1457 1827 truncata
1491 1790 1543 1827 et
1577 1779 1771 1841 incisa3
1828 1780 1939 1846 spi-

65 1846 181 1895 cula
231 1847 458 1896 mascula
501 1845 798 1895 lanceolata
839 1848 964 1908 (nec
1015 1846 1554 1914 obovato-elliptica)
1605 1848 1936 1916 pubescente

65 1915 263 1975 viridi,
315 1914 524 1964 flosculi
572 1916 772 1965 valvula
815 1915 1079 1965 inferiore
1124 1918 1394 1985 setigera3
1450 1944 1516 1951 -—
1568 1938 1594 1968 a
1649 1918 1937 1982 Trachy-

65 2003 337 2053 pogone
376 1997 827 2044 canescente,
869 2003 1024 2053 quem
1052 1984 1246 2035 florum
1276 1998 1539 2038 structura
1571 2000 1623 2038 et
1654 1989 1793 2037 mole
1822 2006 1935 2037 om-

65 2056 193 2104 nino
227 2055 423 2103 refert:
461 2055 608 2104 foliis
645 2054 896 2104 brevibus
930 2055 1199 2123 ligulaque
1245 2057 1382 2106 nuda
1405 2095 1417 2118 ,
1469 2070 1577 2107 tum
1608 2068 1728 2106 ante
1758 2058 1937 2108 omnia

68 2123 287 2173 defectu
335 2125 684 2191 integumenti
730 2126 1285 2176 canescenti-sericei
1326 2127 1765 2198 mollissimique‚
1827 2144 1935 2196 quo

63 2194 118 2243 in
155 2194 248 2243 illo
281 2195 499 2260 vaginae
533 2206 583 2243 et
616 2194 746 2242 folia
785 2194 1016 2262 undique
1047 2206 1314 2263 teguntur.

200 2278 426 2328 Habitat
465 2280 536 2329 ad
568 2278 769 2329 IVIonte
817 2280 995 2331 Video.
1052 2289 1133 2347 21..
1207 2281 1452 2348 (Sellow.
1491 2313 1556 2324 —
1606 2283 1796 2334 Vidiin
1827 2280 1929 2334 Hb.

60 2347 197 2415 Reg.
236 2348 456 2414 Berol.)

384 2489 426 2529 5.
472 2493 1039 2534 TRAcanocoN
1080 2497 1533 2535 GAancnxs.
1582 2487 1611 2538 ἢ

202 2600 297 2647 Tr.
335 2608 480 2647 totus
514 2598 1029 2663 villoso-sericeas,
1079 2602 1242 2670 ligula
1285 2603 1340 2651 in
1380 2603 1501 2652 cilia
1545 2603 1746 2662 soluta,
1787 2606 1935 2669 spica

62 2668 301 2720 solitaria
345 2667 530 2717 rhachi
569 2668 929 2735 pubescente,
985 2672 1146 2720 arista
1189 2673 1425 2740 spiculae
1468 2673 1933 2739 hermaphroditae

56 2738 410 2805 pedicellatae
451 2738 764 2804 longissima
792 2740 985 2793 villosa
1029 2752 1196 2804 torta,
1252 2742 1452 2810 spicula
1485 2744 1714 2793 mascula
1756 2744 1933 2793 sessili

50 2807 342 2859 lanceolata
369 2807 718 2877 subsetigera.

195 2904 367 2955 Radix
414 2920 645 2970 repens,
702 2905 1017 2955 stolonifera
1061 2905 1319 2976 fibrisque
1357 2909 1537 2957 multis
1583 2909 1798 2975 pallidis
1833 2911 1932 2957 im-

59 2973 231 3039 plexis
267 2974 474 3040 stipata.
546 2974 700 3024 Folia
734 2974 1037 3035 filiformia,
1091 2977 1231 3026 facie
1265 2980 1632 3034 canaliculata,
1680 2980 1931 3028 radicalia

58 3042 290 3091 culmum
331 3043 739 3110 subaequantia,
779 3045 891 3094 laxa
917 3083 929 3106 ‚
980 3065 1080 3095 una
1107 3063 1223 3095 cum
1252 3049 1457 3117 vaginis
1492 3050 1632 3098 villis
1661 3050 1931 3114 appressis

60 3112 360 3162 sericantia.
435 3113 673 3178 Vaginae
705 3114 966 3166 radicales
1003 3132 1342 3183 compressae
1365 3156 1378 3180 ,
1432 3119 1671 3168 culmeae
1704 3121 1929 3169 circum·
2006 3151 2025 3156 -

56 3180 266 3231 volutae
305 3193 360 3232 et
395 3181 626 3231 culmum
666 3183 728 3232 ad
757 3185 956 3250 spicam
991 3185 1108 3235 fere
1141 3199 1404 3254 tegentes.
1478 3189 1692 3239 Culmus
1723 3187 1776 3236 bi
1798 3189 1926 3238 -tri-

59 3250 296 3315 pedalis,
345 3253 587 3301 crassitie
626 3271 831 3318 pennae
855 3256 1219 3315 columbinae,
1269 3270 1509 3319 erectus,
1549 3257 1802 3324 simplex,
1844 3268 1928 3305 te·-

59 3337 179 3378 res,
217 3319 522 3369 multinodis
545 3358 557 3381 ‚
600 3324 869 3377 sericeus,
911 3327 1006 3373 sub
1043 3326 1187 3391 spica
1220 3327 1456 3376 villosus.
1531 3329 1691 3394 Spica
1725 3327 1929 3386 4-——5-

56 3389 364 3455 pollicaris,
415 3403 607 3439 erecta.
679 3393 910 3444 Rhachis
953 3394 1221 3454 flexuosa,
1278 3398 1586 3455 semiteres‚
1626 3411 1809 3446 versus
1843 3395 1924 3442 in-

62 3459 354 3511 sertionem
412 3458 731 3526 spicularum
786 3463 1013 3516 villoso·
1035 3466 1321 3517 barbulam-
1406 3466 1654 3535 Spiculae
1693 3463 1926 3533 gemina-
