2100 3882
150 97 254 151 196
731 87 1090 138 Gmmnmm.
1162 87 1433 159 Panicum.

295 238 548 300 Panicum
585 249 944 302 cayennense‚
984 232 1146 286 Lam.
1182 235 1273 287 Ill.
1302 254 1424 302 gen.
1452 254 1506 285 η.
1539 236 1659 301 908.
1693 231 1829 284 Enc.
1873 235 2032 287 meth.
2096 246 2100 302 ζ

370 307 466 358 IV.
489 324 546 373 p.
572 305 692 370 752.
740 302 810 354 R.
845 314 894 353 et
931 302 1052 356 Sch.
1089 303 1142 356 S.
1193 311 1245 358 V.
1273 304 1352 357 II.
1381 325 1435 369 p.
1471 307 1598 367 445.
1634 301 1810 354 nota?

298 395 552 446 Panicum
583 409 941 459 cayennense,
992 390 1061 442 H.
1100 402 1151 443 et
1182 391 1246 443 H.
1279 392 1347 442 Ν.
1379 392 1511 442 Gen.
1550 401 1599 441 et
1630 389 1733 459 Sp:
1754 391 1799 441 I.
1826 411 1884 459 p.
1923 355 2039 445 Νιο3.

361 461 568 512 Huntlz.
613 460 750 530 Syn.
778 461 823 511 I.
851 481 906 530 ρ.
942 482 1052 529 ¹77·
1090 460 1211 530 Spr.
1249 459 1302 512 S.
1347 467 1398 513 V.
1426 460 1472 511 I.
1500 481 1556 530 p.
1589 461 1708 513 318.

294 552 548 602 Panicum
580 567 911 616 cayennense
945 564 997 600 et
1032 553 1092 599 P.
1127 551 1517 618 pedunculare,
1557 547 1719 598 Herb.
1764 547 1954 598 Willd.

367 643 552 689 Nota.
627 640 756 688 Cum
794 640 1123 688 Panicum
1160 656 1186 688 c
1205 659 1270 705 ay
1290 655 1534 687 ennens
1553 654 1580 685 e
1617 640 1700 686 La
1719 655 1786 686 m.
1805 673 1817 697 ,
1855 648 2040 704 utpote

434 708 575 775 quod
624 726 740 758 cum
784 710 844 756 P.
893 709 1278 774 capillaceo
1326 725 1419 756 seu
1460 707 1785 757 trichode
1830 707 1919 769 (cf.
1961 707 2041 754 in-
2095 745 2100 757 ,

428 779 513 827 fra
582 796 662 844 sp.
728 780 852 844 79.)
921 789 973 826 et
1041 795 1157 827 cum
1226 778 1484 826 Panico
1568 776 2042 844 polygonoide

428 864 551 896 sane
586 848 795 913 quidem
834 847 1151 896 alienissima
1185 848 1350 912 stirpe
1368 884 1380 906 ,
1433 858 1769 912 comparetur
1816 846 1879 895 ab
1921 847 2040 912 ipso

433 928 649 966 auctore
671 953 682 975 ,
723 917 897 965 dubiis
946 916 1195 966 extricari
1242 928 1497 982 nequeat,
1541 917 1738 966 rectius
1770 916 1885 965 fors
1924 933 2040 964 rem

428 987 759 1045 institueret,
823 985 911 1052 qui
970 1003 1085 1034 cum
1144 985 1195 1034 b.
1251 989 1327 1035 W
1341 986 1359 1034 i
1375 987 1425 1034 ll
1442 986 1475 1034 d
1491 1003 1518 1034 e
1532 1004 1567 1033 n
1585 1003 1614 1034 o
1635 986 1716 1035 wi
1735 1003 1766 1034 o
1831 986 2038 1052 plantae

426 1056 867 1105 Humboldtianae
887 1072 1081 1105 novum
1117 1056 1159 1102 P
1177 1055 1282 1104 ani
1299 1055 1360 1105 ci
1407 1073 1440 1122 p
1459 1072 1487 1104 e
1505 1055 1538 1104 d
1555 1074 1632 1104 un
1647 1073 1674 1106 c
1688 1057 1793 1104 ula
1808 1055 1908 1104 ris
1942 1072 2039 1104 no-

427 1144 550 1176 men
587 1127 895 1191 imponeret.

297 1210 438 1262 Hah.
465 1213 516 1262 in
548 1212 762 1262 Gaiana
798 1221 846 1261 et
878 1210 950 1259 ad
979 1208 1465 1275 Orinocoflumen.
1505 1211 1593 1272 (ab
1616 1208 1953 1272 Humboldt.j
1973 1234 2041 1247 -

158 1284 225 1337 In
255 1282 517 1334 Brasilia.
558 1280 773 1345 (Siber.)
825 1311 895 1319 —
943 1281 1095 1344 (Vidi
1130 1281 1181 1331 in
1216 1279 1381 1331 Herb.
1423 1280 1561 1350 Reg.
1603 1279 1819 1346 Berol.)

302 1372 600 1423 Observ.
690 1368 892 1419 Differt
937 1388 964 1418 a
1008 1370 1263 1420 Panico
1329 1370 1624 1436 Rudgei:
1680 1371 1852 1419 culmo
1893 1366 2044 1417 (lehi-

158 1443 295 1493 liore
334 1441 509 1508 pedali
544 1452 596 1489 et
648 1439 1032 1507 sesquipedali,
1089 1459 1116 1489 a
1156 1440 1262 1489 basi
1301 1457 1459 1506 saepe
1502 1458 1740 1499 ramoso,
1800 1439 2042 1504 angulato

156 1529 258 1562 nec
301 1512 484 1570 tereti,
538 1510 745 1576 vaginis
779 1528 886 1558 non
929 1520 1030 1557 tam
1081 1510 1360 1560 evidenter
1393 1510 1767 1568 tuberculatis,
1819 1507 2045 1556 hirsutie

159 1582 426 1641 molliori,
478 1580 623 1629 foliis
669 1579 800 1628 laxis
844 1579 1092 1646 utrinque
1132 1580 1249 1645 plus
1283 1581 1454 1628 minus
1493 1579 1738 1638 hirsutis,
1787 1577 2046 1645 paniculis
2095 1593 2098 1601 ·

163 1651 411 1718 oblongis
439 1667 538 1700 nec
571 1649 976 1716 subfastigiatis,
1018 1651 1228 1699 ramulis
1265 1650 1430 1715 magis
1472 1650 1663 1716 patulis
1706 1647 2046 1698 brevioribus

164 1738 340 1787 neque
372 1719 503 1769 adeo
537 1719 737 1768 strictis
772 1731 824 1768 et
856 1736 1068 1784 scopam
1094 1719 1482 1778 referentibus,
1521 1719 1733 1777 rhachi,
1774 1719 1955 1766 saltem
1984 1715 2049 1765 ad

163 1791 373 1849 axillas,
414 1807 571 1855 saepe
615 1789 817 1856 pilosa,
860 1789 1077 1854 spiculis
1106 1790 1261 1854 paulo
1293 1789 1615 1848 minoribus,
1657 1787 1844 1855 glumis
1870 1787 2047 1837 valvu-

165 1861 320 1927 laque
358 1859 598 1908 neutrius
641 1857 851 1909 flosculi
910 1858 1249 1907 brevioribus
1283 1859 1451 1909 ovatis
1491 1859 1546 1907 in
1584 1859 1803 1908 brevem
1838 1872 2047 1906 mucro-

163 1947 288 1979 nem
322 1929 724 1978 excurrentibus
767 1928 1098 1977 tenuioribus
1131 1927 1359 1995 glabris,
1412 1929 1591 1979 nervis
1619 1929 1753 1977 utin
1787 1927 1910 1986 illo,
1951 1925 2046 1975 sed

160 1998 525 2056 tenuioribus,
574 1999 797 2058 notatis,
849 1998 1092 2064 caryopsi
1125 1997 1513 2048 suborbiculari
1541 1998 1681 2062 (alba
1721 1998 1836 2048 sive
1874 1995 2042 2057 fulva)

157 2086 258 2119 nec
296 2068 751 2134 ovato-elliptica.

296 2156 614 2205 Panicum
662 2154 1111 2221 asperrimum
1148 2156 1452 2221 Lagasc.,
1527 2150 1688 2202 Link.
1718 2151 1928 2208 Enum.
1971 2150 2042 2202 H.

158 2222 328 2278 Ber-b.
365 2224 410 2273 I.
446 2244 502 2292 ρ.
536 2244 620 2290 77.
642 2261 654 2283 ,
707 2221 912 2273 Schult.
946 2222 1134 2272 Mant.
1162 2223 1236 2273 II.
1265 2242 1319 2290 ρ.
1355 2224 1504 2289 237.,
1559 2224 1621 2272 ab
1652 2236 1879 2290 utroque
1925 2224 2042 2272 lon-

160 2295 279 2362 gius
313 2295 519 2344 recedit
547 2295 789 2360 panicula
819 2304 1086 2344 contracta
1116 2305 1327 2344 nutante
1346 2329 1358 2353 ,
1413 2304 1672 2343 structura
1706 2294 2042 2360 spicularum,

157 2367 221 2414 P.
255 2364 517 2432 virgati
555 2364 781 2430 spiculas
824 2364 989 2431 magis
1023 2364 1365 2421 imitantium,
1419 2362 1579 2430 duplo
1608 2363 1862 2430 majorum
1884 2400 1896 2423 ,
1937 2364 2042 2430 gla-

159 2435 374 2485 brarum
403 2446 457 2484 et
490 2451 648 2501 saepe
683 2435 1048 2510 coloratarum.

603 2574 672 2622 74.
733 2580 1071 2618 PANIGUM
1112 2580 1522 2618 LIGULARE.
1585 2570 1614 2622 †

300 2657 362 2706 P.
394 2657 634 2723 panicula
678 2657 944 2706 terminali
982 2657 1294 2708 verticillata
1335 2658 1535 2722 ampla,
1591 2655 1748 2706 ramis
1802 2655 2041 2706 ramulis-

163 2742 266 2794 que
308 2726 718 2793 triangularibus
756 2727 1013 2793 elongatis
1057 2726 1393 2776 scaberrimis
1423 2726 1536 2774 basi
1561 2725 1826 2785 barbatis,
1867 2726 2040 2792 spicu-

162 2797 231 2845 lis
261 2807 414 2844 ovato
436 2830 454 2837 -
476 2797 781 2847 lanceolatis
823 2797 1128 2846 acuminatis
1162 2795 1358 2863 glabris
1378 2831 1389 2853 ,
1440 2796 1610 2861 gluma
1639 2806 1860 2862 utraque
1891 2795 2041 2862 apice
2097 2794 2100 2804 “

164 2865 429 2923 subulam,
486 2868 655 2916 culmo
699 2867 1009 2933 vaginisque
1049 2866 1274 2933 glabris,
1313 2864 1459 2914 foliis
1488 2865 1721 2931 angustis
1749 2883 1907 2932 supra
1943 2882 2040 2932 pu-

161 2935 530 2995 bescentibus,
572 2937 730 3003 ligula
759 2937 989 3003 oblongo
1007 2936 1334 2986 -lanceolata
1360 2934 1596 2984 maxima.

300 3023 549 3072 Panicum
587 3024 994 3084 scaberrimum,
1047 3020 1307 3092 Lagasca
1353 3019 1416 3071 G.
1460 3030 1511 3071 et
1545 3040 1622 3089 sp.
1661 3019 1870 3085 Diagn.
1894 3039 1951 3089 p.
1993 3036 2041 3071 2.

370 3111 423 3141 n.
459 3108 572 3152 2o.,
611 3091 680 3141 R.
705 3102 755 3142 et
786 3091 907 3143 Sclz.
935 3092 987 3142 S.
1037 3099 1087 3144 V.
1120 3092 1197 3143 II.
1227 3112 1284 3161 p.
1318 3087 1467 3152 458?

302 3197 517 3247 Radicis
548 3199 740 3248 collum
773 3198 999 3265 squamis
1038 3197 1213 3247 multis
1241 3197 1545 3248 lanceolatis
1572 3197 1855 3248 obtectum.
1922 3198 2043 3247 Cul-

164 3285 280 3317 mus
324 3267 584 3333 bipedalis
630 3280 683 3316 et
727 3269 912 3327 altior,
983 3267 1223 3317 crassitie
1273 3284 1478 3334 pennae
1517 3268 1825 3326 anserinae,
1877 3279 2042 3326 teres,

167 3337 264 3387 sub
295 3336 534 3404 panicula
561 3337 953 3396 canaliculatus,
995 3337 1176 3404 glaber
1195 3372 1207 3396 ,
1247 3348 1385 3386 totus
1409 3336 1660 3385 foliorum
1686 3335 1889 3405 vaginis
1918 3336 2039 3386 sub-

162 3405 404 3457 distichis
459 3406 711 3457 brevibus
760 3424 817 3457 se
855 3407 1085 3456 invicem
1132 3406 1568 3472 amplectentibus
1614 3407 1879 3456 hiantibus
1931 3407 2039 3472 gla-
2094 3403 2100 3434 3

160 3476 277 3526 bris
321 3474 517 3528 striatis
559 3477 764 3545 apicem
803 3494 989 3531 versus
1039 3474 1285 3528 carinatis
1326 3475 1565 3529 vestitus.
1639 3477 1826 3546 Ligula
1859 3475 2037 3543 singu-
