2100 3882
364 117 720 166 GRAmNEAE.
793 117 1213 195 MenosrAcurs.
1286 124 1565 173 Batonem.
1797 133 1898 186 531

34 263 196 328 duplo
217 265 552 320 excedentes,
583 261 771 311 loculis
803 262 968 314 latere
1003 265 1453 334 longitudinaliter
1477 270 1888 328 dehiscentibus.

34 332 286 383 Ovarium
315 333 366 380 in
389 331 678 396 specimine
722 331 866 380 sicco
906 333 1410 404 lineari-trigonum
1442 342 1676 406 glabrum
1706 345 1758 392 in
1791 358 1897 410 sty-

33 401 139 449 lum
172 402 467 450 subulatum
502 411 704 449 rectum
736 400 974 466 glabrum
1005 416 1343 456 attenuatum.
1420 410 1672 476 Stigmata
1708 417 1896 479 penni-

33 470 481 525 cinam-villosa,
528 479 733 528 erecta,
776 469 877 517 sibi
925 470 1202 536 adpressa‚
1259 478 1468 527 demum
1523 480 1894 549 divergentia?

35 541 224 588 Semen
260 557 363 588 non
399 539 523 588 vidi.

168 627 335 676 Culmi
361 645 397 673 S.
427 624 557 674 rami
586 624 763 692 potius
803 623 991 675 culmei
1021 644 1141 691 pars
1179 631 1456 696 superior,
1510 653 1664 702 quam
1709 639 1898 693 videre

29 698 283 763 contigit,
345 697 562 743 circiter
599 697 656 760 1}
693 694 925 759 pedalis,
987 694 1230 757 binodis,
1296 711 1472 762 teres,
1530 706 1703 757 culmo
1748 727 1896 760 seca-

27 766 138 814 lino
171 765 411 824 tenuior3
469 763 667 829 vaginis
690 764 942 813 foliorum
977 764 1148 813 tribus
1181 771 1367 818 vestita
1390 807 1402 830 ‚
1459 773 1629 833 nudis,
1662 780 1897 829 tenuiter

0 833 480 902 'longitudinaliter
520 834 717 882 striatis
751 845 803 882 et
846 833 908 881 ad
955 833 1154 883 lentem
1184 838 1329 904 rugis
1365 845 1683 894 transversis
1721 848 1895 899 eleva-

28 905 98 954 tis
134 902 387 952 flexuosis
428 902 793 950 minutissimis
831 903 1042 952 notatis.

160 993 364 1040 Nomen
395 1000 503 1038 tum
540 990 742 1056 primae
787 1002 995 1040 nostrae
1026 990 1228 1057 speciei
1265 1011 1457 1044 novum
1494 999 1894 1054 inveniendum.

165 1079 340 1152 Quid,
394 1077 534 1145 quod
564 1088 617 1126 et
652 1088 831 1144 quarta
877 1079 1083 1143 species
1121 1079 1263 1128 inter
1298 1081 1388 1132 has
1434 1085 1600 1136 latere
1635 1090 1890 1155 videatur,

27 1149 92 1198 de
126 1167 225 1216 qua
260 1159 570 1214 sequentem
603 1159 834 1195 nostram
876 1148 1350 1199 adnotatiunculam
1385 1154 1557 1205 adeas.
1819 1162 1828 1171 ⁷

165 1239 207 1284 A
225 1236 404 1283 dnot.
446 1236 531 1283 ΙΙΙ.
607 1233 889 1300 Specimen
939 1236 1086 1285 adest
1124 1238 1175 1284 in
1222 1237 1488 1290 Herhario
1525 1246 1696 1310 Regio
1729 1249 1896 1299 Bero-

24 1303 216 1352 linensi
253 1304 502 1362 alterum,
551 1303 667 1351 istis
693 1303 822 1352 adeo
867 1304 1068 1363 simile,
1122 1317 1176 1353 ut
1223 1320 1380 1358 status
1412 1311 1658 1376 juvenilis
1707 1316 1893 1368 haberi

24 1374 193 1439 possit
231 1375 337 1433 (est
370 1373 510 1421 enim
545 1374 738 1439 absque
779 1370 1061 1435 floribus);
1115 1375 1297 1426 differt
1327 1391 1529 1429 autern:
1571 1386 1743 1435 culmo
1781 1389 1892 1453 pri-

23 1444 188 1490 mai-io
221 1442 383 1508 magis
414 1442 580 1490 adhuc
613 1455 920 1505 exasperato
956 1444 1155 1510 vaginis
1196 1463 1289 1495 ore
1322 1448 1890 1516 herbaceo-barbatis,

23 1512 169 1560 foliis
197 1511 655 1578 glaucescentibus
697 1513 932 1578 margine
967 1513 1638 1571 serrulato-scaberrimis,
1679 1552 1745 1560 -—
1781 1523 1894 1574 Le-

19 1581 95 1648 git
138 1581 189 1628 in
237 1579 479 1627 acumine
526 1579 749 1641 montis,
805 1580 948 1628 cabo
982 1582 1047 1629 clo
1078 1580 1410 1655 Bzztacaray
1444 1588 1606 1653 dicti,
1676 1593 1728 1641 in
1769 1612 1894 1643 con-

14 1645 225 1714 finibus
255 1650 407 1716 regni
449 1647 841 1716 Paraguasani
864 1686 876 1710 ‚
916 1648 1199 1702 Sellovius.

382 1795 607 1839 SECTIO
652 1795 713 1838 ΙΙ.
770 1797 1226 1843 BAMBUSEAE
1272 1802 1543 1849 VERAE.

181 1904 518 1966 Valvula
579 1909 855 1988 superior
895 1909 1386 1985 membranacea,
1451 1914 1740 1980 lateribus
1786 1943 1890 1980 an-

24 2002 284 2046 trorsum
326 1987 557 2045 inflexis
603 1991 1005 2069 complanata.

640 2143 842 2189 LXXXI.
904 2147 989 2192 BA
1004 2149 1103 2192 ΜΒ
1118 2147 1269 2194 USA.

230 2250 380 2304 Trin.
431 2252 601 2307 Fund.
650 2257 978 2325 Agrostogr.
1017 2277 1072 2325 p.
1123 2279 1140 2309 ι
1168 2261 1249 2328 96.
1300 2259 1370 2313 H.
1403 2273 1454 2314 et
1484 2262 1554 2319 R.
1583 2264 1719 2318 Νου.
1763 2267 1892 2319 Gen.

225 2334 275 2374 et
318 2323 404 2392 Sp.
436 2325 517 2393 pl.
548 2325 592 2375 I.
617 2345 671 2393 p.
713 2344 831 2378 200.
870 2326 1032 2378 Link.

157 2413 415 2463 Bambusa
453 2427 503 2465 et
543 2416 792 2474 Guadua‚
844 2413 1048 2467 Huntlz.
1083 2414 1218 2486 Syn.
1255 2420 1298 2468 I.
1324 2438 1381 2487 ρ.
1423 2430 1514 2476 251
1554 2431 1606 2473 et
1636 2425 1752 2476 252.

153 2503 371 2560 Nasum,
413 2500 549 2550 Jass.
585 2501 829 2568 Raspat'l.
859 2500 978 2570 Spr.

153 2588 443 2638 Bambusae
504 2601 556 2639 et
611 2592 925 2641 Stemmatos
970 2592 1104 2642 ermi
1171 2612 1287 2661 sp.,
1360 2590 1525 2647 Palis.
1573 2597 1639 2647 de
1684 2596 1887 2650 Beauv.

229 2658 554 2726 Agrostogr.
611 2667 647 2708 t.
687 2658 880 2710 XXV.
949 2698 960 2709 .
998 2662 1052 2715 3.
1741 2656 1756 2683 ι

151 2743 443 2795 Bambusae
482 2764 593 2812 sp.‚
635 2745 845 2796 Sclzreb.
894 2746 1083 2800 VVilld.

155 2831 445 2883 Arundinis
483 2851 593 2901 sp.,
645 2830 771 2883 Lin.
815 2843 863 2884 et
913 2835 1116 2887 Veterr.

182 2937 465 3016 Spiculae
511 2940 1204 3023 glomerato-spicatae‚
1262 2945 1324 3003 in
1366 2948 1598 3027 spicam
1634 2970 1882 3030 compo-

23 3013 200 3072 sitam
235 3020 597 3099 dispositae,
658 3023 1037 3081 multissorae.
1127 3026 1379 3085 Glumae
1423 3051 1672 3087 numero
1719 3033 1887 3088 inde-

23 3095 271 3165 finitae,
326 3103 643 3159 inferiores
697 3105 994 3174 minutae,
1059 3108 1399 3185 superiores
1443 3112 1692 3169 valvulis
1734 3112 1886 3167 inse-

25 3177 285 3234 rioribus
349 3182 740 3240 flosculorum
784 3185 1005 3242 similes
1064 3201 1122 3243 et
1175 3209 1287 3266 pro
1336 3191 1602 3249 flosculis
1662 3192 1887 3248 hahen-

27 3255 176 3326 dae,
240 3259 628 3336 plurinerves.
712 3265 976 3323 Flosculi
1026 3266 1341 3326 inferiores
1406 3267 1884 3350 herm-aphroditi

28 3337 121 3394 vel
175 3338 498 3415 foeminei5
569 3346 831 3422 supremi
870 3346 962 3405 vel
1024 3349 1282 3425 perfecti
1329 3350 1420 3409 vel
1473 3352 1687 3408 abortu
1728 3372 1888 3407 mas-

24 3418 184 3489 culi,
246 3419 336 3480 vel
388 3423 616 3493 neutri,
677 3439 738 3482 et
790 3439 932 3484 tunc
973 3426 1310 3497 univalves,
1374 3431 1467 3503 vel
1507 3433 1685 3488 etiam
1717 3431 1881 3488 rudi·

1129 3509 1257 3574 34*
