2100 3882
91 102 473 155 Gnamxussass.'
515 100 860 154 Onsmivano
908 116 1219 153 Gssoromca
1269 119 1334 152 ET
1375 117 1741 150 osscoxomca.
1823 101 1924 154 567

79 251 273 299 iterum
321 249 536 298 evenire
585 248 767 312 possit.
851 249 963 297 Tali
1018 249 1171 298 modo
1219 248 1394 298 multis
1439 247 1493 295 in
1532 246 1786 294 Brasiliae
1832 261 1918 293 re-

76 317 321 385 gionibus
373 334 470 382 per
515 317 691 380 plures
729 333 888 364 annos
926 333 1136 382 campus
1176 317 1421 366 saccharo
1461 314 1799 381 producendo
1836 313 1917 362 fe-

76 387 349 436 racitatem
378 402 519 433 suam
550 401 652 431 non
686 384 902 441 amittit,
954 385 1056 433 nisi
1080 422 1093 444 ,
1145 396 1201 433 ut
1233 387 1376 435 sicco
1420 397 1656 449 tempore
1689 381 1913 430 subinde

76 454 195 504 fieri
221 453 374 512 solet,
413 452 622 500 inscitia
654 451 735 501 vel
765 452 960 501 malitia
989 454 1313 502 incendatur.
1364 454 1422 503 Si
1452 454 1569 519 post
1596 453 1796 517 aliquot
1823 468 1912 498 an-

80 541 176 572 nos
204 539 331 589 ager
353 520 689 587 relinquitur,
729 521 900 583 primo
935 534 1174 586 ternpore
1196 540 1292 588 pro
1325 539 1515 586 pascuo
1545 537 1609 569 eo
1631 522 1704 567 uti
1727 531 1778 568 et
1801 528 1911 566 tum

77 592 318 646 demum,
368 605 485 637 cum
526 588 756 654 pecudes
792 607 948 636 unum
992 592 1073 638 vel
1110 592 1238 640 duos
1272 609 1431 640 annos
1477 593 1528 637 in
1573 607 1634 638 eo
1680 590 1906 645 iverunt,

68 661 231 719 fabaS,
265 658 501 722 Maydem
518 667 603 705 aut
621 656 977 706 Manilioccam
996 659 1227 722 plantare
1258 661 1445 708 solent.
1495 660 1640 715 Sunt,
1671 658 1761 725 qui
1787 666 1910 721 post

68 728 344 778 nonnullos
380 743 541 774 annos
562 725 768 774 calamis
797 726 987 775 evulsis
1022 743 1079 775 ac
1102 728 1386 776 combustis
1411 729 1464 776 in
1485 745 1666 793 campo
1690 726 1907 775 eandem

70 797 324 847 culturam
363 811 545 843 rursus
596 794 868 861 incipiant.
919 822 985 830 —
1033 795 1414 846 Infestissimae
1468 808 1585 844 sunt
1627 795 1904 851 formicae,

67 865 257 933 quibus
282 862 344 912 ab
379 863 531 911 initio
559 863 905 913 resistendum
941 873 1020 912 est
1052 881 1146 922 eo,
1200 877 1254 912 ut
1289 883 1463 914 earum
1491 864 1703 913 sedibus
1731 862 1903 930 inqui-

65 935 182 984 sitis
222 931 408 982 animal
453 931 656 980 fervida
705 950 832 1000 aqua
876 932 1046 980 infusa
1083 944 1319 982 necetur.
1390 933 1471 982 Ad
1502 932 1779 981 arundines
1810 933 1900 980 de-

63 1004 195 1052 cisas
240 1000 663 1067 transportandas
703 1002 816 1051 fere
852 1013 957 1051 tota
980 1002 1032 1048 in
1072 1001 1297 1050 Brasilia
1343 1019 1526 1068 graves
1564 1002 1700 1050 carri
1735 1000 1901 1049 hiroti

59 1070 404 1127 adhibentur,
445 1069 534 1136 qui
569 1087 596 1117 a
637 1071 806 1119 bubus
848 1070 1144 1126 trahuntur,
1186 1071 1238 1117 in
1271 1071 1535 1119 nonnullis
1577 1072 1734 1118 etiam
1766 1069 1899 1117 locis

57 1140 201 1188 muli.
273 1140 351 1187 Ne
399 1137 494 1186 hae
528 1139 726 1188 bestiae
772 1141 1067 1205 longiorem
1116 1139 1246 1186 viam
1290 1157 1385 1205 per
1419 1139 1652 1188 colonias
1694 1138 1897 1186 decisas

57 1220 356 1258 transverse
392 1222 582 1271 capere
621 1209 879 1266 debeant,
940 1208 1029 1257 has
1080 1208 1242 1257 rectis
1293 1209 1390 1257 viis
1443 1224 1720 1274 persecare
1773 1223 1898 1255 con-

55 1277 215 1330 venit.

191 1345 379 1394 Priore
427 1356 667 1410 ternpore
720 1345 773 1392 in
821 1346 1044 1394 Brasilia
1096 1345 1184 1394 illa
1222 1346 1387 1394 solum
1425 1345 1648 1392 varietas
1688 1342 1898 1409 cognita

56 1425 192 1471 erat,
234 1430 401 1480 quae,
441 1414 836 1479 expeditionum
885 1431 1145 1463 sacrarum
1195 1427 1361 1464 aetate
1409 1414 1704 1477 Europaeis
1753 1424 1891 1469 nota,

54 1484 280 1550 primum
332 1482 385 1530 in
439 1484 677 1540 Cretam,
742 1482 1018 1541 Rhodum,
1081 1485 1343 1541 Siciliam,
1396 1486 1719 1548 Aegyptum,
1778 1491 1830 1528 et
1868 1499 1894 1528 a

49 1551 314 1601 Lusitanis
351 1550 489 1600 circa
527 1569 714 1599 annum
759 1560 883 1611 1422
925 1553 977 1599 in
1015 1553 1328 1610 Madeiram,
1369 1552 1524 1600 sicuti
1550 1552 1732 1598 viridis
1772 1567 1893 1613 pro-

51 1620 300 1669 montorii
348 1633 398 1667 et
453 1623 506 1669 S.
545 1621 774 1669 Thomae
824 1621 1021 1670 insulas
1071 1622 1312 1670 translata
1359 1621 1477 1669 fuit.
1565 1623 1620 1667 In
1668 1618 1894 1667 Brasilia

52 1686 238 1737 Canna
290 1687 359 1735 da
417 1685 584 1736 Terra
638 1690 720 1737 vel
758 1686 943 1737 Canna
994 1688 1171 1737 creola
1230 1702 1463 1739 vocatur.
1551 1690 1758 1737 Minore
1811 1697 1893 1735 est

48 1770 270 1817 statura,
326 1757 542 1806 circiter
578 1769 801 1824 quatuor
838 1758 1135 1825 quinqueve
1173 1760 1394 1824 pedum,
1450 1755 1890 1806 subviridioribus

49 1828 199 1877 foliis
237 1836 290 1874 et
327 1826 492 1875 multo
531 1827 796 1891 pauciori,
847 1828 938 1876 sed
975 1828 1203 1877 dulci->ri
1243 1844 1426 1887 succo,
1455 1843 1629 1893 ⁸quam
1669 1826 1767 1873 alia
1806 1841 1891 1872 va-

47 1897 209 1946 rietas
248 1911 402 1960 saepe
441 1895 719 1944 duodecim
757 1896 979 1960 pedum,
1021 1914 1151 1963 quae
1191 1897 1397 1945 demum
1434 1907 1550 1944 ante
1600 1911 1762 1960 pauca
1797 1892 1888 1942 de-

45 1965 230 2013 cennia
279 1980 308 2013 e
356 1965 632 2028 Cayenne,
696 1966 785 2014 ubi
836 1963 1016 2013 Canae
1062 1965 1126 2013 de
1167 1964 1420 2013 Hom-bon
1459 1965 1540 2014 vel
1581 1964 1642 2011 de
1683 1960 1888 2009 &talziti

43 2034 267 2092 dicitur,
305 2050 332 2081 a
368 2034 551 2094 terriS,
596 2033 649 2081 in
688 2035 878 2100 quibus
915 2034 1016 2099 jam
1055 2034 1249 2083 diutius
1303 2034 1357 2082 in
1410 2051 1501 2081 usu
1540 2045 1675 2090 erat,
1715 2045 1884 2080 trans-

39 2102 140 2151 lata
190 2114 286 2151 est.
374 2105 519 2151 Haec
571 2104 774 2166 species
824 2104 941 2169 plus
1003 2105 1146 2152 succi
1206 2103 1498 2153 saccharini
1553 2099 1881 2166 ,(Ἶηηιναρα)

38 2183 299 2236 praestat,
335 2189 514 2220 verum
543 2171 630 2218 hic
663 2171 825 2222 multo
860 2172 976 2236 plus
1006 2189 1167 2239 aquae
1191 2210 1202 2231 ‚
1242 2172 1468 2238 partium
1496 2186 1884 2237 gummosarum

39 2253 90 2289 et
141 2240 393 2290 materiae
441 2242 754 2290 extractivae
808 2242 1071 2299 continet,
1125 2253 1177 2289 et
1222 2241 1524 2289 saccharum
1563 2256 1625 2286 ex
1663 2257 1725 2287 eo
1764 2255 1880 2304 par-

36 2321 147 2357 tum
184 2310 349 2358 multo
382 2309 589 2357 facilius
628 2309 997 2378 deliquescere
1036 2310 1256 2369 dicitur,
1306 2327 1458 2376 quarn
1497 2308 1583 2366 id,
1636 2308 1776 2374 quod
1814 2323 1881 2354 ex

37 2381 211 2428 Canna
267 2379 442 2426 creola
493 2391 718 2444 paratur.
822 2380 980 2427 Initio
1042 2379 1218 2428 coloni
1278 2378 1436 2426 multa
1496 2388 1678 2425 contra
1742 2376 1875 2423 hanc

34 2446 487 2510 praejudicabant;
543 2447 672 2496 adeo
729 2447 1046 2496 insalubrem
1099 2447 1380 2512 putaban13
1451 2446 1698 2511 paulatim
1750 2461 1876 2492 vero

0 2512 99 2563 'iis
139 2533 439 2580 persuasum
476 2527 588 2573 est,
638 2516 748 2581 ejus
788 2518 1042 2565 culturam
1078 2517 1347 2565 utiliorem
1388 2533 1535 2573 esse,
1605 2515 1723 2581 quia
1770 2531 1873 2560 ma·

29 2585 197 2647 jorem
234 2598 503 2652 quaestum
543 2597 803 2649 praestet,
855 2604 1012 2653 quum
1065 2587 1219 2635 etiam
1275 2586 1327 2632 in
1367 2585 1522 2632 siccis
1561 2582 1871 2648 regionibus

31 2670 150 2701 cum
190 2653 337 2702 lucro
375 2655 606 2713 colatur,
667 2672 799 2721 quae
833 2656 1069 2720 pauciori
1108 2666 1321 2702 utuntur
1358 2653 1670 2718 irrigatione
1695 2690 1706 2709 ,
1760 2662 1869 2698 tan-

29 2722 148 2770 dem
187 2723 338 2770 etiam
385 2723 810 2790 proptereaquod
860 2723 1140 2772 arundines
1189 2723 1396 2772 decisae
1447 2722 1640 2770 diutius
1692 2721 1868 2784 jacere

27 2791 263 2855 possint,
304 2791 430 2858 quin
470 2792 522 2838 in
560 2792 756 2839 acidam
796 2791 1253 2841 fermentationem
1290 2802 1580 2848 transeant,
1635 2790 1777 2857 quod
1812 2789 1868 2835 in

27 2860 222 2908 minori
244 2861 490 2909 varietate
510 2862 732 2909 celerius
753 2859 826 2920 fit,
867 2878 1016 2929 quam
1049 2873 1102 2909 ut
1141 2877 1363 2926 unquam
1402 2861 1517 2925 plus
1554 2860 1867 2907 arundinum

29 2944 210 2977 secare
266 2929 452 2989 liceat,
525 2947 675 2996 quam
733 2946 865 2996 quae
930 2931 1118 2997 viginti
1183 2941 1404 2997 quatuor
1462 2928 1606 2977 horis
1660 2927 1866 2993 possint

25 3013 212 3062 premi.

163 3065 221 3114 Si
270 3082 462 3129 operae
525 3066 576 3113 in
627 3064 875 3114 saccharo
937 3066 1320 3115 consumendae
1378 3066 1543 3115 solum
1608 3079 1861 3112 memora-

22 3135 89 3183 tis
127 3145 457 3193 constarent,
510 3133 762 3183 facillime
808 3145 859 3182 et
909 3137 1019 3183 sine
1059 3136 1165 3184 ullo
1203 3136 1464 3202 agricolae
1502 3134 1737 3200 periculo
1779 3148 1858 3178 es-

23 3213 140 3252 sent
176 3202 567 3268 exsequendae3
606 3203 695 3252 sed
727 3202 1103 3252 difficillimum
1129 3217 1314 3262 restat,
1354 3205 1663 3252 arundinum
1709 3216 1858 3265 prae-

20 3271 256 3336 paratio,
295 3282 351 3318 ut
389 3289 452 3319 ex
488 3273 554 3320 iis
592 3273 890 3321 saccharum
921 3287 1147 3338 paretur.
1224 3275 1393 3347 Quem
1431 3273 1491 3320 ad
1529 3271 1683 3319 finem
1725 3267 1857 3314 mola

22 3340 304 3405 multisque
326 3338 582 3389 aedificiis
603 3353 656 3388 et
674 3343 1091 3407 supellectilibus
1115 3360 1246 3406 opus
1268 3354 1360 3397 est,
1392 3343 1458 3388 ita
1480 3353 1527 3386 ut
1556 3360 1598 3403 p·
1622 3342 1715 3385 ima
1739 3337 1855 3381 talis

31 3409 237 3475 negotii
271 3408 530 3460 institutio
559 3427 792 3477 magnam
812 3413 1015 3478 argenti
1039 3429 1282 3461 summam
1305 3448 1317 3470 ,
1369 3411 1584 3458 circiter
1622 3413 1858 3457 5--0000
