2100 3882
0 115 389 188 *Gnmmma
460 109 810 160 OBSERVATlo
866 121 1168 156 chPoch
1218 122 1284 153 m·
1337 121 1705 158 oecononncA.
1780 117 1879 166 573

44 270 260 316 eventu,
297 266 528 306 utuntur.
601 255 773 302 Etiam
803 253 912 300 vini
952 254 1154 318 species
1198 269 1260 299 ex
1303 270 1551 318 expresso
1587 271 1741 306 succo
1773 259 1877 307 fer-

1 354 3 358 ·
37 326 382 376 mentrationc
415 323 713 374 obtinetur,
772 321 921 386 quale
953 322 1158 385 ipsein
1196 321 1407 369 deserto
1448 335 1611 371 trac:u
1660 328 1872 389 provin-

35 398 148 447 ciae
180 395 437 445 Minarum
471 390 608 449 hibi,
663 389 801 454 quod
837 388 1029 437 ibidem
1062 390 1163 436 vini
1198 390 1454 439 lu·-.itanici
1485 392 1628 448 loco,
1669 406 1721 441 et
1756 413 1868 458 pre-

34 465 161 515 tiosi
193 475 246 512 et
282 460 463 527 procul
507 457 745 524 petendi,
790 459 961 506 multis
997 457 1209 504 familiis
1249 459 1299 504 in
1333 477 1426 505 usu
1454 472 1548 508 est.
1622 460 1767 510 Nihil
1797 463 1874 511 di-

34 551 146 583 cam
174 532 239 580 de
264 528 495 578 sacchari
538 544 632 574 usu
672 536 917 582 externo,
971 526 1032 572 ad
1065 527 1274 573 vulnera
1314 527 1637 591 depuranda,
1689 546 1871 580 curan„

36 604 126 652 das
159 600 415 665 aphthas‚‘
439 595 501 643 ad
544 593 810 651 suffitum,
864 594 1035 641 varios
1066 594 1194 641 alios
1227 612 1347 642 usus
1385 607 1484 644 tam
1523 600 1573 644 in
1614 599 1873 649 medicina

33 687 186 739 quam
218 669 270 715 in
312 666 509 719 culina,
562 674 614 710 et
659 662 720 709 ad
763 661 1086 710 condiendos
1123 662 1326 710 fructus
1369 677 1419 714 et
1469 667 1693 730 paranda
1738 671 1872 719 mela

32 735 325 787 artificialia
368 751 431 782 cx
466 732 630 796 pomis
680 730 947 788 cotoneis,
1015 730 1236 795 aliisque
1284 733 1538 782 Brasiliae
1607 736 1871 802 indigenis

34 805 322 862 fructibus,
375 800 529 849 nimis
568 799 707 847 forte
748 799 849 862 jam
882 814 1192 863 progressus
1236 800 1286 845 in
1322 804 1685 852 enumerandis
1725 823 1876 871 Prae·

40 871 373 925 stantissimis
400 869 665 918 arundinis
694 866 1076 917 sacchariferae
1101 867 1455 932 qualitatibus.
1508 874 1745 921 Attamen
1771 893 1875 924 non

37 960 277 1010 possum,
334 940 457 1006 quin
509 937 598 984 has
635 938 1023 1004 qualescunque
1071 935 1306 984 sacchari
1355 938 1530 987 laudes
1573 957 1634 989 eo
1674 959 1874 998 ornem.

40 1012 180 1080 quod
213 1025 506 1058 PRUDENTH
553 1024 810 1053 muitum
860 1004 1217 1060 masiliensis,
1281 1022 1486 1055 carmen
1531 1009 1595 1056 de
1644 1011 1879 1061 sacchari

34 1078 274 1146 opificio,
315 1094 444 1142 opus
463 1075 733 1140 egregium
764 1086 813 1122 ct
833 1074 1127 1140 virgiliane-i
1159 1072 1338 1122 calami
1368 1075 1680 1126 foecundam
1710 1080 1878 1130 imita-

35 1152 235 1198 tionem
261 1147 401 1194 inter
425 1161 519 1191 nos
551 1142 665 1192 fel-e
695 1144 959 1207 ignotum,
1013 1143 1076 1190 ad
1122 1143 1315 1191 calcem
1359 1143 1625 1205 adjiciam,
1688 1165 1787 1214 qua
1820 1150 1877 1199 in

33 1235 93 1267 re
135 1217 199 1264 iis
237 1226 436 1280 gratum
475 1210 592 1260 fore
635 1212 873 1269 conlido,
949 1212 1038 1276 qui
1079 1215 1303 1274 poeseos
1353 1214 1608 1263 suavitate
1660 1228 1874 1268 naturae

34 1285 263 1336 studium
291 1294 343 1331 et
369 1281 545 1330 ornari
580 1291 632 1329 et
664 1280 913 1328 illustrari
953 1280 1147 1327 debere
1177 1279 1496 1329 existiment.
1525 1286 1572 1340 ⁸)

171 1380 257 1430 IV.
327 1381 381 1426 In
424 1376 712 1442 graminum
776 1374 1164 1423 brasiliensium
1207 1376 1655 1425 enumerationem
1704 1391 1758 1430 et
1792 1398 1875 1432 ce-

33 1449 194 1498 realia
224 1448 532 1496 Hordeacea
574 1455 789 1507 recepta
827 1455 972 1502 sunt,
1011 1460 1145 1509 quae
1190 1443 1399 1508 quidem
1434 1446 1496 1493 ad
1533 1445 1662 1496 haec
1710 1468 1878 1518 usque

33 1530 270 1584 tempora
301 1516 355 1563 in
380 1513 686 1580 regionibus
721 1512 941 1577 tropicis
981 1524 1065 1559 aut
1096 1512 1306 1560 omnino
1336 1531 1437 1561 non
1477 1527 1562 1563 aut
1594 1534 1751 1581 Parva
1785 1536 1876 1570 co·

34 1588 122 1654 pia
166 1596 438 1641 seruntur,
491 1593 712 1629 attamen
761 1582 811 1627 in
858 1581 1147 1647 provinciis
1187 1579 1249 1626 ad
1292 1582 1534 1630 Austrum
1574 1588 1876 1649 patentibus

36 1667 194 1723 atque
222 1654 276 1702 in
302 1652 508 1701 civitate
536 1650 819 1715 Argentina
845 1650 1030 1698 eodem
1060 1666 1117 1698 ac
1157 1648 1208 1695 in
1244 1651 1456 1716 Europa
1500 1656 1641 1701 cultu
1687 1673 1878 1721 prove-

33 1725 198 1773 niunt.
268 1722 512 1771 Fecimus
561 1719 659 1767 hoc
712 1718 776 1767 de
819 1719 1126 1782 proposito,
1180 1718 1402 1782 partim,
1454 1738 1521 1769 ne
1558 1722 1684 1789 quid
1719 1724 1876 1788 desit,

30 1793 219 1859 partim
249 1790 390 1857 quod
422 1787 872 1854 persuasissimum
911 1787 1216 1842 habean1u5‚
1246 1785 1397 1843 fore,
1438 1799 1492 1836 ut
1527 1790 1578 1837 in
1617 1795 1874 1844 montosis

33 1859 345 1928 regionibus
373 1875 475 1906 non
502 1857 680 1920 paucis
710 1855 1013 1918 provinciae
1036 1857 1312 1913 mnarum,
1358 1857 1410 1904 S.
1442 1859 1588 1906 Pauli
1617 1871 1670 1908 et
1698 1863 1874 1928 Goyaz

29 1929 342 1979 Hordeacea
383 1925 612 1975 cerealia
670 1942 774 1973 non
814 1924 927 1975 sine
976 1942 1160 1991 magno
1210 1924 1558 1976 emolumento
1617 1944 1876 1982 serantur.

35 2003 94 2048 ln
120 1998 311 2047 vicinia
341 1995 451 2062 jugi
477 1994 732 2042 montium
758 1990 917 2041 Serra
949 1992 1014 2041 do
1045 1993 1193 2041 Lobo
1233 1992 1495 2042 dictorum
1519 2032 1531 2054 ‚
1572 1999 1712 2063 quod
1740 2001 1882 2051 inter

36 2069 90 2116 S.
123 2067 272 2115 Pauli
298 2075 351 2114 et
378 2064 634 2112 Minarum
664 2063 961 2127 provincias
1001 2060 1272 2120 decurrit,
1314 2064 1559 2128 egregios
1591 2066 1694 2115 vidi
1727 2085 1882 2136 agros

35 2135 218 2184 tritico
255 2135 520 2189 consitos,
572 2143 622 2179 et
662 2132 714 2178 in
756 2143 904 2196 parte
940 2129 1260 2181 occidentali
1306 2130 1576 2181 disttictus
1619 2133 1879 2188 Comarca

34 2204 101 2252 do
140 2201 240 2251 flia
280 2202 375 2249 das
411 2199 628 2249 Illorles
666 2199 825 2259 dicti,
867 2217 910 2248 e.
952 2216 1000 2265 g.
1040 2199 1092 2247 in
1124 2200 1243 2250 altis
1276 2198 1590 2263 planitiebus
1621 2203 1684 2251 ad
1712 2203 1882 2256 Bam·

34 2272 175 2334 hui‘,
226 2283 511 2339 proventus
566 2269 729 2317 tritici
787 2269 1010 2335 insignis
1054 2281 1147 2318 est.
1235 2267 1378 2343 Quin
1412 2269 1463 2316 in
1504 2270 1601 2318 alia
1637 2275 1876 2341 regione,

32 2341 198 2390 multo
240 2340 492 2390 calidiore
517 2374 529 2396 ‚
581 2337 632 2384 in
673 2336 828 2401 sylvis
872 2336 1157 2402 primaevis
1207 2351 1357 2385 secus
1395 2335 1497 2384 Rio
1535 2336 1688 2388 Doce
1728 2344 1874 2395 fron-

31 2409 272 2460 dentibus
306 2425 493 2474 magno
534 2407 840 2455 colonorum
879 2408 1023 2455 lucro
1062 2407 1288 2465 seritur3
1359 2404 1421 2453 ad
1461 2403 1753 2458 Passainlza
1792 2430 1874 2461 se-

28 2491 255 2528 mentem
298 2479 360 2527 ab
399 2493 523 2544 agro
571 2475 946 2542 quadragesies
987 2475 1167 2533 reddi,
1253 2472 1384 2522 vidit
1424 2474 1487 2522 cl.
1544 2494 1583 2524 s.
1635 2494 1875 2531 mnium,

26 2550 74 2597 E
106 2547 380 2613 provincia
406 2551 576 2594 autem
614 2541 713 2590 Rio
750 2543 965 2591 Grande
995 2542 1060 2590 do
1099 2541 1196 2591 Sal
1229 2539 1394 2601 dicta,
1442 2561 1574 2610 quae
1603 2545 1704 2609 jam
1732 2560 1877 2600 extra

28 2616 317 2682 'I'ropicum
352 2625 524 2680 patet,
574 2623 917 2678 exportantur
946 2612 1225 2678 quotannis
1245 2611 1463 2660 circiter
1489 2622 1789 2672 14‚ooo‚oco
1811 2620 1875 2667 li-

26 2684 153 2734 brae
171 2683 371 2743 tritici3
409 2682 566 2731 etiam
592 2679 778 2729 hordei
798 2681 1037 2728 nonnihil
1057 2698 1119 2729 ex
1151 2682 1234 2728 illa
1263 2680 1483 2745 regione
1514 2682 1566 2728 in
1604 2683 1731 2735 alias
1761 2687 1876 2736 illa·

25 2764 132 2801 tum
159 2763 258 2802 est.
305 2752 451 2826 Quae
473 2749 563 2799 has
585 2764 786 2798 merces
810 2749 1367 2816 recipiuntregiones..
1407 2762 1522 2799 sunt
1549 2750 1665 2801 fere
1709 2755 1871 2804 Seba-

28 2820 370 2886 stianopolis‚
408 2817 764 2882 Soteropolis‚
805 2829 857 2865 et
893 2817 1335 2876 Pernambucum,
1376 2827 1428 2864 et
1458 2819 1720 2882 spondere
1748 2842 1873 2890 pos-

28 2907 233 2948 sumus,
293 2887 552 2956 siquidem
584 2887 637 2934 in
675 2883 776 2932 Rio
818 2883 1032 2934 Grande
1067 2886 1133 2933 do
1172 2884 1269 2933 Sal
1304 2885 1473 2934 molae
1511 2887 1695 2937 melius
1741 2910 1866 2942 con-

28 2968 255 3007 structae
282 2957 511 3013 suerint,
551 2955 770 3003 farinam
801 2955 1049 3020 propriae
1084 2955 1282 3021 patriae
1315 2954 1571 3020 quondam
1607 2958 1872 3028 principa-

28 3038 136 3075 tum
176 3037 386 3083 tenere,
441 3041 565 3086 prae
604 3023 720 3083 illa,
777 3040 907 3091 quae
942 3022 1101 3073 hodie
1137 3040 1200 3073 ex
1239 3023 1481 3073 Amet-ica
1519 3024 1723 3077 boreali
1768 3048 1873 3080 ma-

28 3095 165 3142 xima
197 3095 351 3160 copia
384 3093 661 3142 invehitur.

101 3316 148 3367 ἐ)
179 3283 460 3357 curavimus
505 3314 630 3367 juxta
681 3312 962 3361 editionem,
1011 3324 1147 3370 quam
1175 3313 1211 3356 1.
1242 3313 1309 3356 Μ.
1342 3326 1368 3356 a
1398 3312 1726 3370 conceptione
1756 3300 1869 3363 Vei.

159 3368 265 3417 loso
321 3383 414 3412 una
465 3381 568 3410 cum
616 3369 710 3411 Jos.
761 3367 879 3409 Rod.
929 3367 1061 3410 Melii
1104 3366 1161 3409 de
1206 3368 1351 3411 rebus
1388 3367 1578 3414 rusticio
1626 3369 1869 3418 brasilicis

159 3424 273 3468 libr.
306 3422 394 3479 IV.v
418 3421 600 3481 publici
630 3422 747 3477 juris
777 3423 932 3465 fecit..
964 3421 1135 3479 Ulisip.
1162 3426 1290 3470 1798.
1321 3426 1366 3474 4.
