2100 3882
195 163 297 215 580

198 307 490 362 Ordinibus
529 303 776 353 distincta
814 299 950 348 suis:
991 317 1084 349 seu
1122 300 1308 350 ductus
1347 300 1400 350 in
1438 297 1623 352 orbem

192 395 422 448 Tortilis
460 405 727 442 extremos
765 389 936 439 sulcus
974 388 1075 437 tibi
1113 388 1341 439 circinet
1375 401 1556 450 antes,

197 488 306 537 Seu
343 483 510 531 latera
548 480 600 527 in
633 477 884 543 quadrum
921 477 1390 543 praecastigaveris
1429 494 1619 544 aequa:

193 575 302 624 Seu
340 586 508 620 cuneo
546 566 735 615 similis
772 565 968 631 placuit
1007 564 1171 631 magis
1210 582 1358 625 area,
1397 565 1574 613 lunam

194 663 303 712 Seu
341 676 472 726 quae
512 655 685 705 forma
721 655 902 709 decet,
945 653 1124 702 medio
1161 669 1280 702 cum
1319 652 1587 718 splenduit
1623 668 1716 703 ore
1739 689 1752 712 ‚

192 751 265 799 Et
301 741 695 796 circumflexum
731 741 910 790 radios
949 724 1172 790 siniiarit
1210 742 1262 788 in
1301 756 1506 788 arcum:

191 837 315 886 Sive
348 834 403 881 in
442 832 793 900 quincuncem
831 828 963 893 juvit
1000 829 1310 877 describere
1354 829 1584 894 plantas,

189 927 263 974 Et
297 923 593 989 triquetrus
630 917 778 967 stetit
815 918 986 966 omnis
1026 933 1173 983 ager:
1210 933 1298 964 res
1337 915 1556 981 pulchra
1592 916 1856 977 videndo,

195 1013 452 1086 Quaeque
493 1007 675 1057 oculos
715 1006 894 1071 specie
935 1004 1068 1054 mire
1109 1005 1340 1053 delectet
1374 1021 1606 1052 amoena.

329 1102 474 1163 Ergo
515 1095 767 1145 clamosas
806 1094 985 1141 turbas
1025 1103 1298 1157 pertaesus
1338 1103 1390 1140 et
1424 1091 1641 1149 urbem,

191 1191 323 1239 Cum
361 1186 459 1235 tibi
482 1183 760 1256 ,sollicitus
797 1182 957 1229 timor
992 1179 1141 1228 anxia
1179 1179 1339 1227 corda
1375 1179 1696 1240 momordit,

189 1280 299 1327 Rus
338 1285 494 1340 pete,
551 1282 604 1320 et
652 1288 715 1319 ex
763 1269 866 1317 alto
919 1268 1231 1333 despectans
1279 1267 1509 1317 culmine
1559 1269 1756 1319 montis

189 1364 271 1414 Ad
309 1359 674 1426 circumjectas
711 1369 904 1424 torque
942 1367 1028 1405 tua
1065 1357 1259 1404 lumina
1296 1356 1455 1406 valles
1480 1394 1491 1414 ,

185 1454 257 1502 Et
293 1466 505 1516 campos
544 1457 743 1496 metare
783 1443 967 1493 oculis.
1041 1446 1193 1494 Juvat
1230 1462 1349 1494 arva
1387 1444 1572 1494 videre

189 1539 410 1590 Consita
448 1533 826 1591 arundinibus,
878 1545 1036 1585 vento
1084 1533 1352 1598 crispante
1404 1535 1620 1598 procaci

183 1627 479 1678 'Undantem
525 1634 790 1690 segetem,
831 1621 1044 1669 sinuosa
1080 1620 1344 1670 volumina
1382 1633 1495 1671 toto

184 1716 438 1782 Aequore
478 1724 532 1760 ut
572 1710 973 1778 agglonierem3
1025 1708 1113 1757 vel
1153 1725 1268 1758 cum
1304 1706 1392 1758 ssat
1431 1709 1643 1779 mollior
1676 1727 1831 1771 aura,

183 1805 256 1853 Et
290 1802 400 1851 leni
437 1801 673 1867 aspirans
712 1798 847 1847 ludit
882 1815 977 1864 per
1015 1797 1171 1847 inane
1210 1814 1486 1856 sussurro,

181 1892 408 1957 Campus
445 1902 500 1938 ut
534 1887 865 1954 obstrepet-is
901 1897 1090 1934 nutans
1127 1885 1406 1935 horrescat
1444 1885 1637 1935 avenis.

183 1979 327 2055 Quin
377 1976 644 2026 sitibunda
693 1975 793 2024 tibi
845 1975 887 2022 si
941 1975 1144 2022 viscera
1197 1973 1338 2022 sorte
1380 1986 1702 2039 coquantur,

184 2066 322 2142 Quis
358 2076 499 2114 vetat
536 2074 794 2112 exsectam
838 2062 1008 2110 vicino
1050 2079 1077 2110 e
1122 2061 1357 2127 caespite
1395 2077 1608 2109 cannam

179 2154 428 2211 Vellere,
469 2153 795 2218 decussaque
837 2150 984 2214 prius
1026 2152 1273 2216 (namque
1312 2147 1525 2214 aspera)
1563 2148 1787 2210 fronde,

179 2243 283 2296 Vel
322 2240 474 2289 cultri
515 2238 737 2297 auxilio,
778 2236 1043 2301 impresso
1080 2237 1161 2286 vel
1200 2237 1358 2285 dente
1399 2236 1704 2296 medullam,
1775 2278 1778 2279 γ

180 2329 428 2391 Nudare,
484 2326 857 2392 ambrosioque
917 2326 1058 2373 sitim
1125 2324 1462 2391 restinguere
1528 2326 1732 2375 succo?

183 2419 351 2477 Sunt,
393 2434 522 2484 quos
563 2414 895 2464 membratim
935 2425 1095 2461 totam
1132 2427 1378 2461 resecare
1415 2411 1643 2478 juvabit,

183 2507 300 2584 Qua
338 2517 482 2554 teres
521 2503 761 2552 articulis
798 2500 1074 2565 distinguit
1111 2499 1280 2549 nodus
1320 2517 1565 2550 avenam:

181 2594 429 2663 Frustula
465 2604 607 2650 tum,
648 2590 829 2656 praelo
868 2587 1030 2638 veluti
1071 2587 1307 2653 subjecta
1332 2623 1344 2646 ,
1396 2587 1618 2654 fatigant

183 2682 480 2742 Dentibus:
520 2680 934 2744 admorsosque‚
977 2689 1030 2724 et
1068 2675 1271 2724 crebris
1310 2675 1546 2723 suctibus
1582 2675 1799 2726 haustos

184 2769 470 2827 Exsiccant
527 2769 769 2816 calamos.
843 2766 1041 2815 Verum
1092 2762 1176 2812 his
1229 2775 1279 2812 et
1314 2762 1501 2813 fallere
1539 2774 1780 2830 tempus,

184 2859 257 2906 Et
293 2857 477 2905 tristes
516 2855 674 2904 animi
713 2853 920 2902 dabitur
956 2851 1128 2923 lenire
1168 2851 1383 2900 dolores
1407 2885 1420 2908 ,

188 2946 479 3011 Postquam
521 2955 669 2991 enata
709 2957 859 3007 seges
898 2951 1010 2988 toto
1049 2938 1150 3004 jam
1189 2938 1422 2987 creverit
1457 2939 1609 2988 anno.

333 3033 486 3079 Nunc
522 3029 852 3079 intermissus
890 3038 1106 3077 revocat
1139 3026 1316 3088 labor,
1353 3026 1624 3092 herbaque
1661 3025 1794 3085 late,

195 3121 338 3170 Dum
378 3129 590 3166 tenerae
628 3127 937 3182 erumpunt,
977 3125 1258 3179 praevooat
1290 3114 1446 3163 noxia
1485 3129 1690 3162 cannas.

193 3210 348 3258 Nunc
385 3207 517 3254 male
556 3204 849 3252 foecundos
886 3213 1094 3268 tempus
1133 3202 1326 3250 sarrire
1364 3200 1608 3268 novales:

194 3297 308 3345 Nec
344 3292 608 3344 runcanda
645 3307 799 3358 seges
837 3290 1000 3338 semel
1038 3300 1150 3348 est,
1187 3301 1271 3338 ter
1307 3299 1362 3337 et
1398 3288 1620 3354 amplius
1657 3288 1788 3338 illud

192 3384 501 3450 Urgendum
539 3378 796 3435 studium,
835 3377 1004 3426 donec
1043 3376 1354 3443 grandescat
1391 3376 1624 3437 arundo,

190 3473 366 3538 Atque
405 3467 704 3520 adnascenti
749 3476 906 3535 queat
945 3464 1267 3516 obluctarier
1301 3462 1445 3513 hosti
