2100 3882
168 110 274 163 458
571 111 921 162 Gnmmsm.
995 111 1208 161 AvnnA.
1285 114 1648 162 TmsrAcurA.

170 258 283 308 fert
307 271 609 326 praeterea:
659 259 809 309 foliis
841 261 1269 327 angustioribus;
1315 260 1509 329 glumis
1544 263 1710 330 magis
1746 261 2041 331 inaequali-

169 328 300 387 bus,
343 329 509 395 magis
537 329 888 396 compressis,
929 331 1325 397 pallidioribus‚
1379 332 1558 380 carina
1595 331 1926 382 acutioribus
1964 333 2039 382 la-

171 398 378 447 teribus
418 399 621 464 planis,
663 400 1087 465 angustioribus,
1139 401 1302 468 magis
1337 401 1680 461 acuminatis,
1727 403 1906 453 nervis
1958 402 2042 464 (in
2086 460 2098 470 s

170 467 444 516 inferiore
469 468 773 518 suboetonis
795 505 807 528 ‚
849 470 903 517 in
935 471 1215 537 superiore
1243 471 1466 520 novenis
1489 507 1501 529 ‚
1552 482 1609 519 ut
1636 472 1691 520 in
1717 471 1831 536 illa)
1866 471 2040 521 minus

169 537 487 603 prominulis
555 538 721 599 (uncle
775 538 938 589 latera
995 542 1202 607 glumae.
1258 541 1313 588 in
1364 540 1462 589 hae
1515 541 1786 608 aequalia,
1842 541 1897 589 in
1949 541 2039 590 illa

171 607 259 670 [Af.
298 606 513 670 fatua]
552 608 906 671 subcostata);
957 621 1067 658 tum
1121 610 1259 660 villis
1301 608 1645 660 flosculorum
1698 610 2038 678 longioribus

168 676 303 726 albis
322 713 334 734 ‚
373 693 475 725 nee
501 676 711 726 demum
738 678 1172 729 fulveseentibus.

311 764 597 815 Observ.
668 769 856 817 Utrum
889 768 956 815 sit
983 785 1108 817 vere
1142 767 1395 834 indigena
1440 785 1577 818 nova
1624 766 1774 825 orbi,
1824 787 1888 817 an
1921 786 2040 819 cum

166 834 468 884 cerealibus
512 837 822 904 Hispanicis
856 837 941 887 vel
974 837 1294 887 Lusitanieis
1336 838 1510 900 illata,
1562 838 1616 887 in
1647 836 1809 888 dubio
1844 850 1924 888 est
1954 855 2041 889 re-

161 904 523 974 linquendum.

735 1047 904 1091 Lxm.
966 1047 1384 1092 TmsTAcHYA.
1447 1051 1476 1103 ψ

331 1160 615 1240 Spiculae
663 1161 957 1230 bissorae,
1015 1161 1272 1220 flosculo
1313 1163 1604 1221 inferiore
1650 1180 1868 1223 neutro
1914 1162 2036 1238 (vel

163 1243 494 1313 masculo),
543 1244 854 1322 superiore
902 1245 1424 1325 hermaphrodito.
1512 1245 1732 1304 Gluma
1779 1245 2037 1304 inferior

163 1324 450 1393 brevior,
499 1324 671 1404 apice
708 1340 1084 1384 mucronata.
1171 1327 1441 1385 Flosculi
1491 1327 1818 1397 herbacei,
1887 1349 2033 1384 neu-

166 1407 318 1464 trius
377 1406 613 1464 valvula
666 1406 953 1464 inferiore
1006 1408 1178 1489 apice
1229 1409 1589 1477 tridentata,
1644 1409 2034 1489 hermaphro-

164 1488 277 1545 diti
328 1487 461 1543 basi
504 1487 747 1545 barbati
787 1488 1000 1559 bifida,
1055 1491 1239 1548 arista
1280 1491 1415 1548 basi
1458 1489 1651 1548 tortili
1696 1492 2030 1572 interjecta.

160 1569 489 1627 Lodjculae
521 1570 940 1650 complicatae.
1028 1572 1355 1653 Caryopsis
1405 1573 1643 1631 vestita.

323 1651 811 1710 Inssoreseentia:
899 1653 1185 1733 panicula
1251 1654 1531 1736 simplex,
1615 1655 1801 1713 ramis
1855 1655 2034 1735 apice

159 1731 428 1790 trissoris.

325 1814 537 1872 Char.
595 1814 1022 1873 naturalis.
1130 1816 1414 1896 Spiculae
1471 1818 1727 1888 (nostris
1783 1818 1847 1874 in
1893 1838 2032 1896 spe-

163 1895 371 1953 ciebus
420 1918 704 1975 magnae,
763 1898 825 1952 in
875 1918 1180 1955 ramorum
1219 1899 1537 1979 paniculae
1590 1900 1763 1979 apice
1799 1914 2029 1969 ternae,

157 1976 512 2035 brevissime
543 1976 1006 2057 pedieellatae),
1052 1979 1446 2039 lanceolatae.
1508 1981 1694 2059 Calyx
1721 1980 2026 2059 biglumiS,

161 2059 434 2116 flosculis
486 2060 760 2138 longior,
834 2060 1049 2138 glumis
1100 2061 1349 2120 alternis
1400 2063 1758 2120 lanceolatis
1814 2062 2030 2120 obtuse

162 2141 452 2197 carinatis
510 2141 833 2199 attenuatis
890 2142 1240 2201 herbaceis:
1301 2143 1591 2202 inferiore
1654 2143 1837 2224 paulo
1892 2144 2029 2201 bre-

159 2222 326 2280 viore
362 2223 425 2278 in
454 2223 815 2302 quibusdam
849 2225 1022 2303 apice
1049 2225 1377 2283 tridentata
1417 2227 1595 2283 dente
1644 2226 1847 2283 medio
1894 2226 2027 2284 lon-

157 2304 361 2383 giore,
407 2305 472 2361 in
522 2305 655 2361 aliis
714 2306 1036 2385 speciebus
1075 2306 1309 2386 integra
1344 2308 1656 2386 magisque
1697 2322 2023 2376 attenuata,

158 2406 398 2466 semper
452 2388 651 2443 nervis
702 2388 897 2446 tribus
936 2389 1157 2446 crassis
1198 2404 1468 2464 costata5
1544 2390 1854 2469 superiore
1885 2389 2025 2446 sub-

155 2483 332 2525 acuta
367 2468 793 2525 subbidcntata
828 2470 1094 2527 trinervi.
1161 2473 1206 2526 F
1210 2471 1475 2528 losculus
1505 2470 1756 2528 inferior
1792 2486 2022 2540 neuter,

151 2547 403 2607 bivalvis
423 2591 439 2618 ,
489 2550 889 2608 consistentia
936 2552 1234 2610 herbacea
1265 2553 1497 2631 glumae
1528 2552 1828 2633 superiori
1860 2552 2024 2610 simi-

152 2630 267 2700 lis,
311 2631 549 2688 valvula
588 2631 875 2691 inferiore
920 2633 1117 2712 gluma
1161 2634 1448 2693 inferiore
1489 2657 1704 2714 parum
1746 2634 2023 2691 breviore

151 2711 497 2770 lanceolata
564 2735 833 2774 concava
902 2715 1152 2774 trinervi
1219 2717 1392 2796 apice
1451 2716 1778 2773 tridentata
1843 2715 2022 2772 dente

151 2794 355 2851 :medio
403 2794 678 2871 longiore
718 2797 812 2853 vel
841 2797 1102 2875 integra,
1163 2799 1477 2877 superiore
1505 2801 1544 2874 ξ
1583 2797 1857 2854 breviore
1893 2797 2025 2852 lan-

154 2875 392 2932 ceolata
426 2875 806 2955 planiuseula
851 2880 1023 2957 apice
1054 2878 1276 2948 bifida,
1322 2880 1457 2937 basi
1497 2878 2021 2956 subeartilaginea,

154 2956 440 3034 utrinque
483 2958 718 3014 reflexa,
829 2960 1144 3017 Flosculus
1216 2960 1745 3040 hermaphroditus
1805 2975 2020 3017 neutro

157 3036 342 3115 duplo
399 3037 525 3094 fere
581 3039 823 3097 brevior
891 3041 1222 3119 oblongus,
1292 3042 1541 3099 valvulis
1603 3041 2021 3120 subcartilagi-

154 3121 317 3175 ncis:
361 3119 616 3176 inferior
661 3121 894 3179 valvula
935 3124 1309 3201 superiorem
1347 3124 1687 3191 involvenS,
1733 3122 2019 3200 oblonga,

156 3221 420 3258 convexa
443 3241 458 3267 ,
505 3202 1018 3272 undecimnerviS,
1064 3205 1263 3262 nervis
1301 3205 1585 3262 deorsum
1621 3204 2019 3262 debilioribus

149 3281 522 3360 alternisque
571 3283 967 3352 abbreviatis,
1037 3285 1209 3364 apice
1250 3285 1551 3366 profunde
1597 3286 1811 3354 bifida,
1871 3286 2018 3342 laci-

152 3363 273 3420 niis
319 3362 674 3420 lanceolatis
716 3365 974 3435 strictiS,
1022 3367 1208 3423 arista
1245 3389 1276 3423 c
1314 3367 1447 3424 sinu
1473 3368 1666 3447 apicis
1701 3383 1834 3425 ort-a
1861 3367 2015 3425 callo

153 3444 440 3525 imposita
477 3443 659 3526 longa
694 3468 897 3508 crassa
936 3447 1068 3508 basi
1104 3448 1324 3521 tortili,
1372 3450 1435 3506 in
1463 3447 1772 3508 nonnullis
1801 3448 2017 3507 abortu
