2100 3882
90 140 197 195 316
643 137 999 188 Gnmneae.
1071 137 1410 188 Eunu-mus.

86 285 342 350 bivalvis3
389 285 592 337 valvula
628 285 880 336 inferiori
914 286 1489 354 oblongo-lanceolata
1522 284 1753 335 carinata
1777 283 1957 351 glabra

87 357 338 408 uninervi
370 354 595 406 flosculo
640 357 909 422 superiori
946 358 1035 406 vix
1080 359 1238 408 tertia
1285 369 1435 422 parte
1480 355 1716 405 breviori
1758 372 1958 421 purpu-

84 445 181 478 rea
204 445 268 477 ex
289 427 440 493 apice
460 426 670 491 integro
690 427 991 475 continuata
1018 429 1071 475 in
1093 441 1256 477 setam
1278 427 1410 490 6-7
1430 427 1596 474 lineas
1618 425 1828 489 longam
1844 443 1960 491 gra-

87 497 246 547 cilem
266 497 318 544 in
337 496 512 544 medio
533 513 817 559 parumper
839 495 1024 546 ssexam
1054 497 1426 546 laeviusculam
1453 494 1846 554 flavescentem‚
1876 513 1960 543 su-

84 566 295 634 periori
315 566 412 614 hac
440 565 601 630 duplo
633 567 864 614 breviori
902 580 953 616 et
980 566 1274 632 angustiori
1300 565 1812 615 lineari-lanceolata
1840 581 1957 612 acu-

87 637 284 685 minata
315 636 496 684 enervi
526 635 718 700 pallida
755 635 866 685 basi
898 647 1334 703 purpurascente.
1407 635 1696 684 Lodiculae
1732 632 1959 700 subqua-

85 706 294 764 dratae,
345 716 616 754 truncatae
641 742 653 765 ,
710 705 934 772 plicatae
954 743 966 765 ,
1020 722 1342 771 purpureae.
1418 705 1648 755 Stamina
1685 704 1785 751 tria
1805 739 1817 763 ,
1870 719 1958 751 an-

85 774 256 825 theris
292 773 465 824 fulvis.
541 776 772 824 Germen
807 775 1123 841 oblongum,
1180 776 1385 839 apicem
1416 792 1598 824 versus
1629 774 1959 838 pubescens3

87 845 208 910 styli
249 844 364 893 basi
403 845 647 905 connati3
701 846 944 910 stigmata
998 862 1283 910 purpurea.
1369 844 1652 910 Caryopsis
1700 843 1958 908 stylorum

87 914 355 966 communi
379 914 493 963 basi
516 915 730 962 residua
757 914 1132 963 mucronulata.

226 999 451 1049 Habitat
497 1001 550 1050 in
602 998 1000 1069 ripaflzzmim's
1032 998 1084 1050 S.
1120 998 1395 1050 Francisci
1416 1019 1557 1067 pone
1590 998 1858 1068 Salgado,
1900 1008 1950 1048 et

84 1069 217 1123 alibi
239 1071 293 1120 in
313 1089 470 1138 prov.
505 1069 806 1120 [mistarum.
883 1069 1066 1119 Floret
1092 1069 1406 1139 Septembri,
1462 1077 1541 1135 24..

220 1159 460 1211 Adnot.
553 1162 780 1208 Maxime
821 1159 990 1208 refert
1043 1161 1674 1228 Trachypogonem
1726 1175 1964 1225 argen-

83 1243 292 1290 teum,
346 1231 439 1279 sed
473 1230 656 1279 differt
683 1230 888 1279 abunde
923 1228 1114 1278 florum
1149 1242 1428 1279 structura.
1503 1230 1582 1279 Ab
1624 1227 1959 1277 Eriantho

87 1299 541 1350 saccharoide
568 1299 771 1347 recedit
791 1301 1076 1349 teneritate
1110 1301 1270 1349 culmi
1298 1311 1349 1350 et
1378 1300 1674 1367 paniculae,
1710 1296 1857 1346 foliis
1875 1315 1963 1345 an-

83 1371 284 1436 gustis,
336 1369 527 1437 glumis
563 1369 791 1436 glabris,
849 1370 1136 1436 multisque
1179 1371 1319 1419 aliis.
1398 1372 1441 1419 A
1477 1379 1734 1438 sequente
1782 1368 1962 1433 specie

64 1440 189 1507 ¹jam
218 1440 393 1506 primo
430 1440 624 1487 intuitu
661 1456 688 1487 e
720 1438 981 1488 nodorum
1018 1439 1179 1488 barba
1225 1440 1555 1507 distingues,
1599 1455 1705 1506 quo
1747 1436 1835 1485 illa
1875 1453 1958 1486 ca-

79 1519 199 1573 ret3
238 1510 529 1577 glumarum
572 1520 747 1558 autem
787 1509 1038 1576 glabritie
1078 1510 1280 1559 abludit
1314 1512 1376 1560 ab
1407 1522 1650 1576 utraque.

294 1705 298 1709 β
369 1651 412 1692 5.
456 1657 894 1693 ERIANTHUS
936 1657 1588 1695 ANGUSTIFOLIUS.
1635 1648 1666 1698 †

109 1830 111 1833 ι
218 1768 282 1819 Ε.
335 1771 609 1836 panicula,
648 1771 870 1838 spiculis
904 1773 1129 1839 geminis
1178 1771 1418 1822 ternisve
1477 1769 1634 1819 villos
1687 1768 1958 1835 aequanti-

79 1837 209 1899 bus,
253 1840 444 1906 glumis
488 1841 649 1890 dorso
679 1843 917 1901 villosis,
972 1842 1126 1891 nodis
1178 1841 1380 1908 vaginis
1420 1840 1690 1907 ligulaque
1729 1837 1958 1905 glabris,

82 1907 233 1959 foliis
268 1911 557 1959 linearibus
594 1912 973 1959 canaliculatis.

219 1980 391 2028 Radix
435 1981 497 2028 ad
540 1982 731 2028 collum
770 1982 1021 2047 strigosa,
1060 1980 1321 2046 plurimos
1368 1978 1623 2027 foliorum
1672 1974 1958 2025 fasciculos
1993 2024 2001 2031 ,

80 2048 390 2116 culmosque
431 2052 674 2116 gignens.
746 2052 959 2099 Culmus
1007 2049 1452 2115 2--3-pedalis,
1505 2063 1708 2114 pennae
1758 2046 1956 2094 colum·

79 2118 238 2167 binae
280 2122 558 2178 crassitie,
617 2134 855 2177 erectus,
911 2121 1159 2179 strictus,
1213 2119 1467 2183 simplex,
1510 2130 1684 2174 teres,
1724 2115 1957 2174 striatus,

80 2188 293 2255 glaber,
336 2188 638 2250 fistulosuS,
682 2191 745 2238 ad
782 2191 986 2256 apicem
1024 2207 1189 2256 usque
1221 2190 1425 2256 vaginis
1472 2187 1724 2236 foliorum
1753 2185 1958 2234 involu-

77 2270 181 2307 tus.
255 2260 657 2308 Fasciculorum
699 2262 917 2326 vaginae
959 2259 1245 2318 distichae,
1301 2274 1670 2323 compressae,
1711 2255 1957 2315 striatae,

79 2327 467 2396 glaberrimae,
521 2331 670 2395 apice
716 2331 767 2377 in
820 2331 1035 2395 ligulam
1086 2329 1638 2379 ovato-lanceolatam
1693 2324 1959 2375 obtusius-

81 2397 254 2448 culam
294 2411 347 2448 et
392 2416 550 2465 saepe
602 2401 829 2448 laceram
870 2402 1262 2448 luscescentem
1311 2399 1679 2456 continuatae3
1719 2395 1959 2443 culmeae

81 2471 425 2528 convolutae,
499 2482 763 2517 caeterum
816 2470 1191 2519 fasciculorum
1249 2469 1452 2531 vaginis
1506 2466 1834 2524 simillimae,
1910 2476 1962 2513 at

81 2540 250 2589 multo
310 2540 600 2601 longiores.
694 2540 843 2588 Folia
902 2539 1018 2587 sere
1080 2539 1240 2587 culmi
1294 2538 1660 2604 longiludine,
1730 2550 1960 2600 superne

81 2607 221 2658 linea
255 2610 410 2674 paulo
444 2610 663 2666 latiora,
706 2608 855 2657 basin
900 2626 1080 2658 versus
1115 2608 1280 2674 magis
1315 2626 1526 2674 quoque
1563 2617 1827 2654 atlenuata
1859 2602 1961 2651 ibi-

85 2678 312 2747 demque
347 2696 655 2744 compresso
678 2679 1088 2735 -canaliculata,
1128 2689 1236 2725 tum
1269 2677 1472 2742 apicem
1515 2693 1699 2725 versus
1731 2672 1962 2740 planius·-

85 2750 223 2809 cula‚
261 2765 426 2798 nervo
461 2749 796 2797 crassissimo
829 2748 946 2797 albo
978 2747 1160 2796 subtus
1181 2748 1368 2795 obtuse
1401 2746 1741 2812 prominente
1774 2741 1959 2799 divisa,

86 2820 327 2885 margine
357 2818 1021 2873 serrulalo-aecabcrrima,
1062 2817 1203 2865 facie
1244 2817 1425 2865 striata
1472 2828 1525 2865 et
1571 2811 1958 2869 scabriuscula‚

86 2888 202 2938 basi
252 2889 519 2936 interdum
578 2889 853 2937 subciliata
900 2898 954 2936 et
997 2886 1200 2935 ibidem
1241 2889 1437 2934 macula
1485 2886 1662 2943 fusca,
1699 2881 1836 2930 nuda
1874 2880 1960 2931 vel

87 2958 486 3017 subsericante,
526 2968 738 3016 notata,
780 2955 1035 3022 rig-iduh,
1076 2957 1480 3022 glaucesccntia.
1556 2953 1710 3019 Spica
1743 2950 1960 3017 panicu-

89 3025 224 3087 lata,
280 3024 503 3094 {pedis
554 3028 735 3089 longa,
803 3027 887 3075 vel
938 3026 1183 3091 longior,
1251 3025 1509 3093 oblonga,
1559 3022 1959 3079 subcontracta‚

87 3096 203 3147 basi
232 3097 550 3162 interrupta.
624 3095 856 3145 Rhachis
904 3095 1197 3144 communis
1245 3092 1456 3145 inferne
1498 3104 1673 3151 tereS,
1726 3105 1962 3156 superne

87 3168 359 3234 angulata,
413 3167 612 3233 ubique
661 3166 873 3223 scabra,
926 3166 992 3213 ad
1038 3182 1306 3213 ramorum
1354 3162 1678 3213 insertiones
1724 3160 1960 3210 barbata.

86 3237 243 3287 Rami
283 3237 473 3286 alterni
505 3235 592 3284 vel
631 3234 1000 3301 suboppositi,
1040 3233 1334 3300 spicissori,
1392 3252 1420 3282 a
1453 3231 1564 3279 basi
1610 3228 1964 3280 fasciculatim

92 3307 252 3358 divisi
303 3307 358 3354 in
404 3305 636 3353 ramulos
682 3304 965 3370 primarios
1013 3315 1194 3353 ternos
1236 3315 1586 3372 quaternosve
1623 3298 1961 3368 inaequales,

90 3376 206 3425 basi
221 3376 420 3426 nodulo
451 3376 684 3424 insertos
706 3386 756 3424 et
784 3373 932 3422 brevi
963 3375 1135 3440 spatio
1166 3374 1431 3438 integros,
1469 3382 1577 3418 tum
1597 3368 1962 3436 approximate

92 3442 460 3505 dichotomos‚
501 3461 726 3511 quorum
758 3443 972 3510 longior
1002 3443 1357 3510 bipollicaris,
1397 3440 1544 3505 cujus
1580 3438 1788 3489 ramelli
1824 3435 1961 3486 infe-

93 3514 272 3568 riores
300 3516 462 3567 etiam
486 3514 704 3582 gemini.
777 3512 1008 3564 Rhachis
1037 3512 1258 3580 propria
1283 3511 1623 3579 subtrigona,
1655 3506 1963 3562 articulata.
