2100 3882
592 157 944 210 Gnimzman.
1017 152 1358 206 Cass-rama.
1801 156 1902 208 385

182 303 405 355 Habitat
454 305 593 354 inter
635 300 871 352 Monte-
903 300 1052 350 Video
1097 310 1147 350 et
1174 298 1390 366 flumen
1439 296 1542 349 Rio
1579 300 1786 363 grande
1830 303 1898 353 do

45 375 145 427 Sul
171 376 386 435 dictam,
431 374 571 424 circa
592 366 741 435 fines
769 370 923 434 regni
953 368 1368 438 Paragaayani.
1402 375 1482 435 Ἀ..
1553 366 1792 434 (Sellow.
1833 401 1902 411 —

60 445 172 499 Vidi
198 445 250 495 in
278 443 440 494 Herb.
476 441 610 509 Reg.
650 438 863 503 Berol.)

189 551 477 600 Observ.
548 545 723 595 Media
770 545 918 612 quasi
975 543 1104 593 haec
1155 555 1235 592 est
1281 545 1420 593 inter
1481 545 1908 596 Chaetariam

47 621 420 687 pallentem
458 626 510 664 et
545 615 650 666 Ch.
691 614 1120 681 spadiceam,
1169 624 1392 662 attamen
1428 615 1633 682 species
1668 615 1908 667 habenda

45 690 245 757 optime
287 685 547 736 distincta.

455 853 497 895 5.
537 855 979 892 ΟΗΑΕΤΑΒῙΑ
1034 853 1427 891 SPADICEA.
1473 849 1505 901 ᾖ·

186 968 276 1019 Ch.
311 968 480 1018 culmo
514 967 845 1025 subramoso,
883 966 1028 1016 foliis
1067 967 1357 1016 linearibus
1393 968 1685 1018 convolutis
1715 972 1913 1023 strictis

47 1039 186 1090 facie
219 1037 416 1088 scabris
448 1037 927 1104 glaucescentibuS,
963 1037 1268 1102 vaginarum
1309 1037 1445 1084 collo
1487 1037 1784 1103 subpiloso,
1824 1060 1913 1108 pa-

52 1109 258 1158 niculae
286 1123 520 1155 ramosae
559 1105 819 1154 secundae
855 1105 1183 1154 sul-mutantis
1218 1106 1374 1153 ramis
1421 1104 1914 1160 fasciculam-divi·

49 1178 156 1237 sis,
211 1177 379 1241 gluma
422 1175 684 1223 inferiore
722 1176 1324 1232 subulam-acuminata,
1385 1177 1661 1240 superiore
1706 1196 1912 1228 mucro-

50 1258 167 1295 nata
209 1243 484 1295 flosculum
528 1255 832 1309 superante,
891 1245 1019 1294 setis
1066 1245 1674 1301 divaricato-recurvis,
1728 1249 1914 1297 latera-

49 1316 188 1365 libus
220 1312 494 1364 flosculum
530 1312 769 1363 scabrum
809 1312 1028 1379 duplo-,
1068 1314 1238 1363 media
1287 1311 1511 1363 eundem
1555 1315 1717 1382 triplo
1761 1334 1913 1385 supe-

56 1384 309 1435 rantibus.
1209 1396 1211 1399 '

189 1469 418 1522 Aristida
455 1469 731 1537 spadicea,
768 1466 837 1519 H.
882 1478 933 1518 et
965 1467 1036 1519 Η.
1082 1468 1148 1519 Ν.
1194 1468 1255 1520 G.
1293 1479 1345 1519 et
1384 1468 1474 1541 Sp.
1508 1469 1588 1538 pl.
1624 1471 1668 1521 I.
1697 1491 1756 1541 p.
1793 1475 1913 1526 123.

259 1536 465 1588 Runtlz.
501 1536 636 1607 Syn.
677 1536 720 1587 I.
747 1557 804 1606 p.
846 1539 958 1607 ¹93·
1008 1538 1079 1591 R.
1115 1548 1166 1588 et
1213 1542 1332 1589 Sch.
1384 1539 1437 1590 S.
1499 1545 1550 1592 V.
1597 1543 1674 1591 II.
1700 1561 1756 1610 p.
1793 1544 1914 1612 3q7.

261 1611 377 1676 Spr.
415 1610 466 1657 S.
506 1613 557 1660 V.
597 1610 722 1675 I.p.
754 1606 872 1675 267.

192 1710 418 1761 Habitat
447 1713 502 1763 in
539 1713 740 1781 campis
772 1713 1070 1781 agrestibus
1097 1715 1408 1782 provinciae
1452 1713 1827 1784 Piaahianae5
1862 1721 1917 1771 in

48 1782 359 1851 praeruptis
387 1782 537 1850 ripae
555 1780 736 1848 flavii
767 1782 1023 1833 Solimoes
1041 1785 1353 1851 proi-inciae
1383 1782 1640 1850 flaminis
1673 1787 1833 1857 Nigri
1870 1799 1923 1840 et

58 1852 115 1901 in
141 1851 459 1916 graminosis
491 1851 649 1902 cultis
685 1852 757 1902 ad
800 1851 993 1903 Villam
1026 1853 1090 1902 de
1116 1853 1312 1904 Obidos
1339 1855 1650 1919 provinciae
1679 1856 1920 1909 Paraen-

55 1921 141 1972 sis.
196 1920 511 1986 (illartias.)
564 1952 634 1962 —-
683 1920 848 1971 Locis
904 1922 1100 1990 apricis
1147 1924 1457 1992 subfrigidis
1498 1925 1664 1988 juxta
1706 1927 1921 1978 Gaana-

59 2000 230 2041 xaato
270 2000 319 2040 et
355 1989 523 2040 ,Mina
555 1990 620 2041 de
660 1989 968 2060 Belgrado,
1016 1992 1158 2045 altit.
1208 2011 1337 2044 1200
1376 1993 1676 2061 ltexapod.;
1716 1998 1838 2047 item
1867 1999 1921 2048 in

64 2060 285 2128 regione
324 2060 500 2109 calida
542 2060 614 2109 ad
647 2060 818 2129 ripam
862 2062 1080 2111 Orinoci
1105 2082 1274 2132 prope
1311 2061 1645 2128 Carichana,
1677 2076 1838 2133 atque
1869 2068 1926 2120 in

58 2129 335 2179 inundatis
358 2127 606 2194 flaminis
631 2129 1112 2198 Gaaraqzzilensis,
1165 2133 1302 2182 altit.
1348 2144 1611 2197 [io—400
1660 2137 1922 2205 hexapod.

58 2198 152 2264 (ab
179 2197 402 2263 Hamb.)
437 2229 507 2238 —-
544 2197 727 2249 Floret
747 2188 922 2264 'Maso
959 2234 1025 2243 -
1061 2200 1366 2253 Decembri.
1444 2211 1522 2268 Θ.

199 2286 447 2346 Accedit,
517 2287 687 2354 quoad
743 2288 1059 2355 spicularum
1114 2291 1546 2357 magnitudinem,
1618 2295 1927 2358 praesertim

58 2354 471 2405 Chaetariae
508 2367 763 2416 tortae,
806 2357 899 2406 sed
937 2357 1143 2407 differt:
1186 2362 1367 2409 culmis
1409 2361 1806 2427 gracilioribus3
1844 2364 1928 2413 fo-

58 2424 147 2472 liis
194 2424 582 2491 angustioribus
618 2437 671 2474 et
705 2426 1072 2486 brevioribus,
1111 2429 1307 2494 planis,
1360 2431 1593 2480 siccitate
1620 2435 1930 2482 convoluto·

61 2494 444 2552 canaliculatis,
486 2495 971 2560 glaucescentibu53
1039 2498 1278 2562 panicula
1328 2499 1467 2559 laxa,
1535 2511 1776 2563 nutante3
1817 2504 1929 2569 glu-

62 2562 162 2610 mis
229 2564 881 2628 purpurascenti-fuscis,
939 2567 1214 2631 superiore
1267 2585 1331 2616 ex
1384 2569 1531 2634 apice
1580 2569 1765 2619 obtuso
1811 2572 1929 2622 bre-

63 2631 278 2682 vissime
311 2633 543 2699 setigero
580 2650 752 2701 neque
793 2635 1114 2700 acuminato3
1154 2637 1280 2686 setis
1321 2635 1528 2688 flosculi
1572 2640 1928 2706 longioribus,

60 2701 232 2749 minus
273 2702 595 2767 aequalibus.

196 2792 255 2838 In
283 2788 502 2854 juvenili
531 2789 771 2856 panicula
813 2788 1062 2840 flosculus
1096 2809 1211 2842 cum
1253 2794 1378 2843 setis
1412 2793 1806 2860 flavicantibus,
1847 2801 1927 2850 in-

60 2867 145 2906 ter
179 2859 373 2924 glumas
412 2858 611 2917 fuscas,
664 2861 933 2925 eleganter
979 2862 1181 2911 emicat.
1227 2891 1279 2896 —
1323 2866 1503 2914 Variat
1551 2870 1719 2918 culmo
1755 2870 1932 2936 pedali

61 2926 127 2976 ad
157 2926 469 2994 bipedalem.
503 2955 571 2967 —
605 2929 853 2979 Panicula
884 2929 1162 2981 fructifera
1199 2933 1439 2993 sordida,
1482 2949 1674 2987 erecta.

465 3089 508 3133 6.
553 3098 991 3137 οΗΑΕΤΑΒῙΑ
1035 3102 1520 3143 RECURVATA.

205 3205 299 3255 Ch.
323 3207 492 3257 culmo
518 3210 769 3276 simplici,
808 3209 954 3260 foliis
989 3213 1274 3263 linearibus
1312 3216 1609 3266 convolutis
1640 3217 1776 3269 facie
1823 3237 1933 3269 sca-

65 3274 203 3333 bris,
241 3275 584 3327 inferioribus
616 3280 782 3344 planis
802 3282 1056 3331 contortis
1087 3284 1384 3349 vaginarum
1418 3287 1554 3335 collo
1590 3289 1927 3348 nudiusculo,

61 3344 302 3411 panicula
341 3362 541 3394 ramosa
571 3360 856 3407 coarctata,
907 3351 1093 3416 glumis
1124 3354 1426 3418 aequalibus
1457 3356 1614 3421 longe
1652 3360 1930 3406 attenuatis

65 3412 287 3462 flosculo
319 3414 673 3480 longioribus,
714 3419 840 3466 setis
876 3419 1177 3470 lateralibus
1215 3441 1397 3487 parum
1440 3425 1773 3476 brevioribus
1821 3444 1927 3474 me-

69 3483 258 3550 diaque
292 3495 504 3532 curvato
543 3510 609 3521 —
642 3484 853 3536 reflexis
879 3485 1151 3540 flosculum
1180 3490 1339 3556 duplo
1375 3495 1758 3562 superantibus.

156 3574 345 3611 nona
385 3574 611 3611 suasu..
665 3556 736 3612 11.
822 3566 898 3619 25
