2100 3882
161 119 265 171 558
349 112 708 163 Gasmmuan.
793 107 1157 160 Osssmiva'mo
1197 121 1513 172 Gnoromca
1547 125 1617 158 rar
1651 125 2026 161 oecononum.

151 284 264 317 mos
303 263 558 332 paniculis
605 257 857 324 separatis
896 257 984 306 alii
1020 256 1205 306 rustici
1245 256 1300 305 in
1341 255 1480 323 agris
1510 255 1788 324 putrefieri
1814 246 2028 320 sinunt,

151 338 239 387 alii
285 335 624 388 comburunt,
684 338 769 375 aut
808 327 989 376 cinere
1029 326 1371 376 stercoraturi
1420 337 1506 375 aut
1553 328 1788 376 cinerem
1828 330 2021 380 clavel-

151 408 312 457 latum
344 404 526 470 saponi
566 397 946 465 praeparaturi.

292 475 439 540 Quae
480 471 702 520 diximus
747 465 810 513 de
863 464 1064 531 Maydis
1114 465 1316 514 cultura
1365 462 1652 514 sufficient.
1738 468 1924 515 Restat
1965 477 2024 516 ut

148 545 396 595 nonnulla
429 542 493 590 de
527 539 748 588 utilitate
776 535 886 600 ejus
916 547 967 583 et
994 553 1092 583 usu
1124 534 1467 584 oeconomico
1500 534 1764 584 addamus.
1833 536 2027 608 Quam,

152 633 304 682 quain
346 612 502 662 culmi
543 626 602 657 ac
646 607 772 656 folia
807 603 1070 653 interdum
1099 604 1162 652 ad
1187 603 1474 669 pascendas
1503 604 1735 668 pecudes
1771 604 2024 654 adhiben-

149 696 266 744 tur,
317 684 372 731 in
397 699 498 748 quo
527 697 648 728 casu
690 676 864 742 planta
908 674 1121 722 densius
1165 673 1411 722 seminari
1441 674 1603 732 solet,
1658 675 1818 723 multo
1850 685 2024 723 tamen

150 755 319 820 major
373 769 496 800 usus
544 763 827 814 granorum
880 755 984 801 est,
1041 760 1170 809 quae
1208 755 1260 791 et
1298 743 1597 792 hominibus
1629 755 1679 792 et
1708 744 1896 793 bestiis
1925 763 2021 792 nu-

153 822 380 873 trieudis
421 838 479 870 ac
519 815 837 867 roborandis
869 813 1133 880 aptissima
1157 849 1168 870 ,
1223 813 1382 859 immo
1437 813 1618 870 etiam,
1688 813 1931 862 Mineiris
1971 825 2025 862 et

152 891 442 943 Paulitanis
489 885 876 943 asserentibus,
934 900 1084 949 quain
1129 881 1300 930 farina
1343 898 1406 929 ex
1457 881 1797 932 Mandioccae
1846 882 2026 932 radice

151 975 331 1031 parata
371 960 532 1008 multo
561 955 851 1006 salubriora
880 970 995 1001 esse
1027 951 1289 1008 dicuntur.
1366 951 1539 1025 Quum
1567 952 1706 999 enim
1738 952 1847 1002 illic
1877 953 2023 1002 loco-

154 1052 271 1083 rum
315 1046 497 1079 omnes
536 1045 622 1076 res
648 1024 879 1073 medicas
910 1033 961 1070 et
995 1021 1217 1070 cibarias
1247 1021 1301 1067 in
1340 1020 1496 1070 calidi
1528 1023 1929 1087 temperamenti
1969 1032 2023 1070 et

147 1101 337 1170 frigidi
375 1099 734 1165 distinguere,
773 1111 885 1142 mos
919 1091 1182 1147 obtineat,
1221 1092 1358 1139 Zeae
1398 1089 1621 1138 farinam
1652 1092 1793 1139 inter
1835 1091 2017 1150 calida,

144 1172 386 1224 Maniliot
430 1181 614 1218 contra
662 1166 804 1214 inter
851 1161 1044 1227 frigida
1093 1159 1306 1209 habent.
1396 1160 1691 1208 Granorum
1734 1160 1902 1209 farina
1937 1161 2025 1211 vel

148 1261 302 1312 quam
341 1239 682 1289 subtilissime
729 1225 1212 1291 molitur'(Fczbc1)
1263 1229 1349 1279 vel
1405 1229 1632 1279 crassius
1696 1226 2033 1278 diminuitur.'

149 1310 401 1365 Subssavo
455 1321 536 1358 est
590 1306 801 1360 colore,
858 1301 1072 1349 multum
1118 1317 1280 1366 aquae
1329 1298 1607 1359 absorbet,
1662 1317 1845 1365 parum
1883 1300 2017 1348 inm-

146 1383 369 1440 mescit,
423 1390 503 1428 est
546 1376 840 1429 furfurosa,
893 1371 1159 1419 fermento
1200 1370 1283 1418 vix
1319 1369 1656 1434 conjungitur
1687 1386 1745 1418 ac
1782 1363 2018 1430 v'eterasf

151 1471 278 1505 cens
311 1467 432 1498 mox
473 1447 721 1511 subnigra
773 1441 962 1490 evadit.
1052 1439 1258 1515 Quibus
1312 1439 1552 1486 omnibus
1610 1439 1900 1488 rationibus
1952 1439 2018 1487 si-

150 1523 365 1574 millima
393 1530 472 1567 est
501 1517 700 1566 farinae
737 1513 949 1579 generis
986 1510 1210 1576 Sorghi,
1259 1509 1400 1576 quod
1445 1509 1507 1557 ab
1552 1508 1681 1556 alma
1724 1521 1886 1557 matre
1918 1511 2020 1557 Na-

149 1607 268 1645 tura
318 1589 531 1639 Africae
589 1582 882 1635 continenti
934 1579 1258 1646 impertitum
1325 1594 1442 1627 esse
1490 1578 1728 1635 videtur,
1782 1590 1848 1636 ur
1884 1577 2024 1626 idem

150 1671 412 1732 praestet,
454 1656 594 1724 quod
636 1656 691 1702 in
730 1651 972 1701 America
1001 1652 1122 1699 Zea.
1212 1650 1259 1697 A
1296 1648 1465 1697 farina
1509 1659 1812 1696 nostrorum
1847 1649 2026 1714 vulga-

150 1735 289 1784 rium
322 1729 617 1780 Cerealium
651 1723 820 1773 farina
845 1722 981 1768 Zeae
1007 1719 1263 1786 imprimis
1296 1718 1351 1765 in
1385 1734 1448 1766 eo
1476 1715 1683 1774 differt,
1725 1717 1865 1785 quod
1903 1717 2026 1767 huic

152 1805 242 1853 illa
264 1799 511 1857 materia,
566 1811 696 1862 quae
730 1792 880 1858 panis
920 1802 1178 1838 tumorem
1210 1787 1411 1846 efficit,
1465 1788 1644 1852 gluten
1689 1784 1764 1837 sic
1807 1786 2022 1846 dictum,

152 1890 259 1923 non
287 1869 445 1933 insit3
487 1866 581 1917 sed
612 1880 711 1931 pro
741 1879 803 1910 eo
831 1860 1022 1918 Zeine,
1063 1879 1090 1908 a
1130 1860 1194 1908 cl.
1236 1875 1467 1907 Genuam
1496 1857 1734 1905 iuventa:
1785 1857 2024 1905 substan-

154 1945 227 1993 tia
258 1938 423 1998 flava,
464 1936 674 1993 cerina,
714 1932 916 1983 mollis,
956 1931 1126 1987 lenta,
1182 1928 1424 1984 elastica,
1474 1925 1731 1992 insipida,
1784 1926 1901 1974 sere
1946 1926 2025 1974 iu-

158 2013 351 2068 odora,
404 2024 534 2074 quae
566 2022 694 2071 aqua
725 2014 777 2050 et
809 2000 941 2049 oleis
974 1997 1257 2064 pinguibus
1289 1996 1673 2045 indissolubilis
1699 2031 1710 2054 ‚
1751 1996 1806 2044 in
1840 1996 2030 2062 spiritu

156 2082 269 2135 vini
304 2080 430 2143 (hoc
472 2078 588 2142 ipso
622 2093 649 2122 a
682 2071 879 2138 glutine
926 2068 1225 2125 distincta),
1280 2067 1493 2114 aethere
1539 2076 1590 2114 et
1636 2065 1755 2113 oleo
1796 2066 2031 2115 terebin-

158 2153 338 2203 thinae
365 2149 608 2203 omnino,
661 2141 871 2208 aquosis
907 2137 1072 2187 acidis
1104 2135 1445 2185 mineralibus
1482 2145 1535 2182 et
1564 2134 1759 2183 salibus
1793 2134 2028 2184 alcalinis

157 2219 405 2273 causticis
444 2234 508 2265 ex
545 2224 694 2281 parte
739 2208 1093 2265 dissolubilis,
1148 2206 1343 2255 resinis
1381 2205 1733 2271 conjungitur.
1805 2200 2028 2254 Praeter

156 2304 291 2355 hanc
335 2298 633 2355 materiam,
684 2293 903 2360 amylum
943 2279 1226 2366 (77Ῑζξῡ),
1265 2286 1488 2354 gummi,
1546 2286 1880 2347 saccharum,
1922 2305 2030 2336 ma-

160 2387 322 2437 teries
356 2381 706 2436 albuminosa,
749 2375 1093 2425 extractivum
1114 2408 1126 2430 ,
1167 2370 1298 2419 fibra
1329 2369 1641 2436 vegetabilis
1675 2381 1728 2418 et
1759 2369 1948 2418 humor
1975 2369 2031 2416 in

155 2455 360 2522 Maydis
395 2452 567 2501 farina
596 2448 952 2499 continentur.
1042 2442 1128 2491 Ob
1162 2442 1308 2490 illum
1346 2441 1559 2506 glutinis
1599 2438 1867 2488 desectum
1892 2440 2030 2487 Zeae

156 2527 326 2577 farina
359 2523 529 2571 minus
562 2521 615 2567 in
645 2534 777 2584 pane
816 2515 990 2580 (panis
1017 2530 1078 2561 ex
1109 2528 1167 2560 ea
1198 2521 1409 2576 paratus
1449 2521 1502 2558 et
1536 2506 1686 2556 Βνοιι
1729 2508 1898 2558 dictus
1937 2525 2028 2557 ne-

159 2612 262 2665 que
290 2593 462 2644 suavis
493 2605 665 2656 neque
693 2586 929 2647 saluber)
973 2599 1123 2649 quam
1173 2581 1229 2629 in
1273 2580 1563 2644 placentis,
1619 2595 1735 2628 cum
1779 2578 2028 2628 saccharo

161 2678 215 2716 et
263 2660 580 2714 aromatibus
625 2659 680 2706 in
719 2656 868 2706 vario
919 2653 1071 2719 operi
1104 2650 1330 2717 pistorio
1376 2648 1729 2707 consumitur,
1779 2649 2028 2714 omnique

158 2734 316 2785 modo
361 2733 415 2780 in
473 2727 716 2796 coquinis
769 2735 1063 2791 apparatur.
1151 2717 1320 2787 Angli
1365 2729 1418 2767 et
1464 2712 1729 2784 Anfiznge
1776 2729 2032 2768 vocantur

157 2806 404 2873 polentae
446 2799 686 2866 species,
746 2811 877 2862 quae
934 2791 1146 2842 fervida
1189 2807 1320 2857 aqua
1369 2799 1455 2837 aut
1503 2788 1619 2853 jure
1668 2788 1902 2837 carnium
1942 2797 2031 2836 aut

157 2876 295 2924 lacte
347 2872 513 2938 rigata
574 2867 759 2916 solitus
816 2864 996 2922 cibus,
1087 2858 1401 2928 praesertim
1457 2873 1759 2916 servorum,
1829 2857 2027 2906 existit.

164 2942 371 2994 Cuscuz
409 2951 462 2989 et
498 2935 739 3003 Mingau
779 2935 910 2982 aliae
951 2943 1073 2981 sunt
1105 2930 1431 2979 serculorum
1460 2927 1666 2992 species
1696 2942 1760 2974 ex
1790 2942 1848 2975 ea
1879 2944 2028 2992 para-

161 3025 367 3069 torum,
421 3006 788 3076 (quadraginta
828 3003 1039 3052 diversa
1077 3000 1277 3048 fercula
1319 2998 1376 3046 in
1405 2996 1647 3044 America
1686 3012 1749 3043 ex
1778 3011 1838 3045 ea
1873 2995 2029 3045 condi

164 3081 463 3140 dicuntur),
524 3088 576 3125 et
633 3074 916 3141 praecipue
967 3074 1022 3119 in
1076 3067 1363 3136 provinciis
1413 3063 1517 3113 Rio
1557 3062 1775 3112 Grande
1815 3063 1883 3112 do
1913 3061 2028 3125 Sul,

165 3154 219 3203 S.-
245 3146 410 3200 Pauli
445 3158 498 3195 et
536 3142 757 3206 Minas,
814 3140 1037 3203 Canjica
1084 3139 1160 3188 sic
1210 3137 1349 3186 dicta
1392 3134 1636 3200 inprimis
1685 3134 1852 3193 valet,
1923 3134 2029 3200 jus..

147 3222 338 3273 culum
368 3235 432 3267 ex
459 3214 662 3283 granis,
715 3224 850 3261 testa
890 3209 1159 3259 exteriore
1198 3215 1463 3271 separata,
1517 3219 1632 3252 cum
1668 3203 1802 3253 lacte
1835 3215 1887 3252 et
1918 3220 2027 3253 sac-

166 3292 326 3343 charo
355 3297 618 3355 paratum,
675 3281 938 3331 ferculum
980 3278 1169 3327 rustici
1205 3273 1594 3342 quotidianum,
1660 3289 1763 3340 quo
1813 3272 2029 3321 invento

166 3360 399 3410 Paulista
444 3371 551 3404 non
581 3353 752 3402 minus
787 3367 843 3398 se
872 3350 1029 3417 jactat
1061 3363 1212 3412 quam
1250 3341 1559 3400 itineribus,
1620 3342 1809 3409 quibus
1849 3342 2028 3392 Brasi-

165 3431 292 3480 liam
347 3425 574 3486 detexit,
643 3432 696 3470 et
741 3419 942 3487 magnis
984 3416 1157 3483 palliis
1208 3414 1322 3463 sine
1370 3411 1589 3461 manicis
1638 3407 1924 3479 (Pouchy)
1961 3427 2029 3462 >aaa:

165 3496 412 3566 stragulis
443 3491 736 3562 pensilibus
765 3491 1024 3541 lectorum
1058 3487 1179 3536 loco
1216 3481 1462 3533 inductis.
