2100 3882
123 171 192 238 14
880 172 1238 222 Gmmzmffl.

125 339 458 397 pressae,
506 320 569 377 in
612 320 895 378 florum
934 321 1498 400 perfectiorum
1540 318 1988 381 evolutione

130 400 630 458 bractearum
671 401 989 470 demum,
1037 422 1171 458 seu
1215 405 1695 483 spatharum,
1739 402 1990 460 forma

132 496 566 538 recurrant.
612 517 691 528 —-
734 481 1019 538 Calami
1061 503 1246 559 genus
1292 498 1352 540 et
1395 482 1632 554 affinia,
1678 486 1742 541 in
1770 482 1987 541 finibus

134 562 309 638 quasi
358 562 697 618 Palmarum
752 563 983 621 ordinis
1040 565 1277 641 posita,
1333 565 1611 622 Bamhu
1633 587 1659 622 s
1677 586 1708 623 e
1726 565 1789 621 is
1836 564 1991 622 Gra-

132 662 464 699 mlnearum
508 657 885 700 contcrmma
921 658 1077 700 sunt.

293 744 342 797 E
382 741 631 820 reliquis
668 742 1019 819 glumissoris
1066 742 1590 822 Cyperaceae,
1639 741 1996 822 simplici

138 835 372 879 tantum
430 845 555 880 non
622 845 829 881 omnes
887 846 912 881 s
932 845 970 902 p
991 825 1008 879 i
1026 845 1057 880 c
1073 845 1106 880 a
1120 865 1136 892 ,
1206 825 1470 903 squamis
1528 845 1634 881 seu
1675 821 2001 882 bracteolis

138 902 518 982 simplicibus
577 918 737 961 tecta
759 945 776 973 ,
860 905 1185 982 gaudentes
1198 946 1216 973 ,
1294 905 1368 962 ab
1420 905 1695 963 inferiori
1742 905 1882 963 loco
1929 903 2007 960 ad

138 984 491 1041 Gramineas
516 985 800 1059 tendunt5
847 988 875 1043 J
896 1007 990 1041 un
1010 1006 1089 1042 cc
1108 1006 1208 1056 ae,
1253 988 1513 1043 Restia
1532 1008 1742 1056 oeae,
1783 984 2002 1064 Xyri-

141 1064 229 1122 d·e
250 1085 334 1122 ae
379 1064 639 1144 denique
699 1067 1053 1123 Gramineas
1095 1067 1617 1145 Asparaginci
1639 1089 1696 1136 S,
1740 1068 2003 1144 Hypo-

138 1145 417 1216 xideiS,
453 1147 837 1205 Liliaceis
865 1147 1588 1227 Melanthaceisque
1613 1159 1997 1206 connectunt.

753 1467 1078 1513 FAMILIA
1137 1467 1388 1513 PRIMA.

462 1579 1070 1629 GRAMINEAE
1140 1580 1689 1629 PANICEAE.

140 1698 410 1762 (AGARDH.
470 1719 594 1750 APH.
660 1718 707 1750 P.
758 1717 836 1751 148.
885 1729 954 1737 —-
1000 1719 1246 1752 GRAMINA
1307 1719 1538 1752 ΡΑΝΙΟΕΑ
1601 1718 1785 1750 RUNTH
1840 1716 2007 1752 GRAM.

794 1807 996 1839 msros.
1035 1809 1082 1839 L.
1124 1807 1171 1840 c.
1209 1809 1254 1839 P.
1294 1794 1373 1851 71.)

312 1945 409 2022 Sp
428 1942 447 1998 i
465 1941 682 1998 culae
727 1940 1065 2010 solitariae,
1123 1941 1395 2018 geminae
1441 1956 1540 1998 aut
1579 1941 1779 2020 plures
1800 1981 1817 2009 ,
1876 1940 2009 1996 uni-

147 2039 251 2082 aut
312 2023 552 2102 saepius
612 2022 866 2079 hiflorae
886 2063 902 2090 ,
977 2022 1230 2079 flosculo
1275 2023 1465 2080 altero
1512 2022 1700 2079 sterili
1744 2036 1844 2079 aut
1881 2021 2013 2077 uni-

149 2104 396 2164 sexuali.
484 2103 623 2161 Glu
643 2124 802 2159 mae
866 2103 1220 2182 saepissime
1289 2104 1685 2161 consistentia
1738 2102 2012 2160 tenuiore

150 2186 420 2245 valvulis.
505 2184 888 2245 Valvulae
935 2184 1201 2258 (flosculi
1241 2183 1489 2260 fertilis)
1555 2184 1690 2263 plus
1744 2183 2013 2241 minusve

155 2267 584 2345 cartilagincae
607 2307 623 2335 ,
670 2265 921 2323 inferior
964 2266 1330 2344 superiorem
1358 2265 1846 2333 semiinvolvens,
1888 2283 2016 2318 mu-

151 2350 277 2408 tica
302 2364 403 2406 aut
425 2348 618 2405 rarius
642 2347 907 2416 aristata,
943 2361 1268 2426 uti‘aequae
1290 2370 1413 2406 non
1446 2347 1765 2404 carinatae.
1813 2342 2015 2424 Styli

154 2431 297 2491 duo.
385 2432 545 2487 Run
566 2429 647 2485 th
686 2427 728 2484 l.
776 2449 826 2485 c.
1410 2440 1411 2443 ’

411 2581 652 2636 Genera
691 2578 1020 2636 brasiliana
1066 2592 1238 2635 sunt:

318 2699 363 2753 I.
410 2695 751 2766 Reimaria,
795 2695 1098 2773 Flijggc.

294 2780 369 2836 II.
414 2777 714 2856 Helopus,
761 2777 963 2832 Trin-

265 2861 367 2916 ΙΠ.
412 2858 739 2938 PaspaIUS,
784 2857 1087 2935 Fliiggc.

258 2945 363 3003 IV.
408 2939 997 3020 Leptocoryphium,
1043 2938 1114 3014 N.
1158 2934 1247 2992 ab
1290 2936 1556 2992 Esenb.

288 3027 364 3083 V.
411 3021 828 3089 Trichachne,
874 3022 948 3078 N.
997 3015 1091 3074 ab
1126 3017 1397 3074 Esenb.

259 3105 364 3164 VI.
419 3101 920 3182 Stenotaphrum,
967 3098 1167 3177 Trin.

231 3185 362 3246 VII.
408 3185 718 3262 Thrasya,
763 3180 1016 3238 Humb.
1063 3194 1134 3237 et
1173 3180 1446 3237 Hunth.

211 3266 370 3328 VIII.
414 3265 734 3331 Panicum,
777 3264 940 3320 Lin.

276 3348 375 3403 IX.
422 3344 836 3424 Oplismenus,
882 3343 1108 3405 Balis-
1139 3339 1240 3397 'de
1281 3342 1549 3401 Beauv.

297 3429 368 3484 X.
415 3426 754 3494 Chaetium‚
794 3427 868 3482 N.
917 3423 1007 3482 ab
1050 3419 1321 3479 Esenb.

269 3511 368 3567 XI.
413 3505 844 3586 Otachyrium,
897 3507 973 3564 N.
1019 3503 1107 3564 ab
1150 3502 1417 3560 Esenh.
