2100 3882
100 263 318 319 Viribus
356 264 469 329 ipsa
507 262 613 311 suis
637 295 650 319 ‚
690 276 845 308 curae
883 259 960 308 nil
998 259 1174 324 indiga
1211 272 1434 309 nostrae.

226 351 343 399 Non
380 360 551 399 tamen
590 346 792 396 idcirco
827 347 1032 396 resides
1070 358 1274 397 cessate
1311 348 1521 404 coloni,

95 439 207 488 Nec
243 437 345 502 jam
383 453 474 487 vos
514 434 658 485 omni
694 432 1005 499 perfunctos
1043 434 1244 484 credite
1282 451 1440 483 cura:

94 527 227 576 Sunt
269 523 399 572 aliae
436 532 646 589 pestes,
687 530 806 568 sunt
843 521 1000 569 multa
1037 522 1264 570 cavenda
1303 522 1516 587 pericla.

90 611 367 661 Caelestes
404 610 517 657 irae
554 606 761 674 primo,
801 622 919 655 cum
958 609 1168 657 saevior
1205 620 1376 657 aestus

89 697 341 756 Ferbuit‚
380 707 468 745 aut
499 694 638 760 justo
678 694 953 742 descendit
989 695 1186 760 largius
1224 696 1410 745 imber.

88 787 320 851 Utraque
357 783 469 831 dira
506 781 647 830 lues:
688 782 852 830 multo
890 780 1154 830 funestior
1190 783 1306 844 illa,

86 871 257 945 Quam
291 869 413 919 tulit
447 869 759 918 immodicus
800 868 979 917 calor:
1015 868 1139 916 huic
1178 887 1260 918 ars
1298 872 1439 919 nulla
1477 873 1711 932 mederi,

83 957 238 1006 Nulla
274 967 452 1022 potest
490 957 656 1005 solers
697 955 987 1018 industria3
1037 973 1155 1005 nam
1191 974 1365 1025 neque
1401 957 1604 1016 fonteS,

85 1045 192 1094 Aut
229 1044 515 1093 corrivatas
551 1043 764 1092 duxisse
801 1038 1069 1092 canalibus
1107 1043 1270 1092 undas

82 1134 140 1180 In
177 1143 426 1197 promptu
461 1131 655 1193 suerit,
705 1148 832 1197 quas
871 1131 956 1182 vix
993 1130 1273 1179 suffeceris
1312 1131 1468 1180 horto

85 1220 417 1286 Areolaeque
454 1217 642 1277 brevi,
680 1216 878 1266 modici
915 1236 1069 1285 quam
1106 1220 1247 1268 roris
1287 1233 1530 1284 egentem

85 1309 227 1356 Urna
265 1305 499 1355 trientali
538 1306 692 1371 plene
731 1305 1000 1355 satiaverit
1035 1305 1236 1354 haustu.

84 1395 280 1446 Verum
315 1393 604 1443 Brasilicos
641 1391 731 1440 ubi
768 1393 913 1441 Zona
950 1393 1211 1442 retorrida
1251 1410 1465 1460 campos

83 1482 296 1541 Findit,
354 1492 407 1530 et
452 1481 505 1528 in
545 1491 755 1546 segetes
792 1479 1076 1531 violentior
1113 1481 1302 1530 incidit
1337 1481 1518 1539 ardor,

75 1571 194 1618 Non
231 1568 360 1616 mihi
399 1578 618 1633 septeno
658 1568 699 1616 si
738 1585 987 1634 rumpens
1025 1569 1234 1635 gurgite
1270 1569 1420 1617 Nilus

74 1659 302 1706 Arentes
341 1655 548 1704 undarit
587 1673 773 1721 agros,
816 1667 1000 1704 enecta
1037 1668 1283 1724 resurget

73 1744 299 1803 Messis‚
339 1754 393 1793 et
430 1743 713 1809 elanguens
751 1756 907 1809 caput
943 1744 1286 1793 intermortua
1323 1745 1487 1794 tollet.

28 1854 32 1865 =
71 1830 333 1881 Difficilis
367 1831 629 1880 medicina
665 1830 800 1879 malo
841 1843 953 1889 est,
994 1849 1077 1880 res
1115 1833 1204 1880 illa
1240 1831 1392 1881 saluti

72 1921 185 1969 Una
223 1919 349 1977 fuit,
392 1920 654 1985 Superum
690 1930 844 1986 atque
885 1918 1080 1968 offensi
1117 1917 1359 1968 Numinis
1396 1921 1527 1967 iram

69 2010 333 2057 Exorasse
372 2007 476 2072 piis
517 2005 767 2056 lacrimis.
840 2008 943 2060 Vix
982 2007 1180 2055 certior
1217 1990 1423 2055 imber*

71 2096 209 2144 Arva
249 2094 417 2161 riget,
467 2094 676 2143 madido
726 2111 880 2161 quam
927 2109 1046 2143 cum
1091 2095 1189 2142 tibi
1227 2095 1461 2161 perpluit
1497 2110 1591 2142 ore

70 2185 230 2232 Gutta
265 2182 545 2249 frequens,
584 2182 877 2264 crebrvxe
916 2198 1132 2248 gemens
1169 2199 1329 2248 prece
1366 2181 1544 2229 nubila
1580 2181 1797 2248 rumpis.

67 2272 197 2318 Nam
233 2270 378 2317 Deus
416 2269 649 2334 irriguos
687 2270 830 2335 potis
870 2281 949 2317 est
986 2270 1051 2318 de
1091 2287 1354 2318 marmore
1392 2269 1565 2320 sontes

67 2360 315 2417 Ducere,
355 2373 453 2422 pro
489 2356 644 2405 libito
681 2356 947 2406 nimbosas
987 2374 1180 2423 cogere
1219 2357 1416 2417 nubes,

63 2445 353 2511 Invitisque
391 2443 788 2510 ast1·i5.pluvias
826 2443 1106 2492 demittere
1142 2445 1312 2494 coelo.

198 2530 397 2580 Bucula
435 2531 564 2599 quin
601 2531 758 2580 etiam
782 2567 796 2590 ,
835 2543 889 2581 et
927 2534 971 2580 si
1010 2532 1217 2599 quaudo
1256 2543 1490 2580 armenta
1527 2531 1774 2579 refractis

64 2611 294 2684 Sepibus
331 2619 659 2685 irrumpunt,
697 2631 946 2686 quantum
985 2621 1083 2668 tibi
1121 2620 1312 2686 stragis
1350 2620 1402 2666 in
1438 2619 1568 2668 hora

63 2706 375 2755 Ediderint!
413 2717 658 2772 quantum
693 2706 858 2755 lassus
898 2707 1194 2776 sudansque
1233 2709 1440 2765 viator,

56 2797 196 2843 Dum
235 2794 414 2852 sedet,
471 2803 522 2841 et
569 2805 714 2857 rapta
756 2794 938 2843 dulces
975 2795 1037 2842 ab
1075 2795 1330 2843 arundine
1368 2811 1554 2842 succos

61 2881 172 2931 Ore
207 2881 376 2941 bibit,
415 2880 752 2948 geminatque
790 2883 1034 2942 haustus,
1096 2884 1359 2949 iteratque
1409 2883 1641 2948 rapinam

59 2968 362 3033 Improbus!
402 2971 639 3028 Interea,
679 2968 842 3018 denso
880 2970 1026 3034 prius
1064 2970 1269 3034 agmine
1308 2971 1448 3033 sylva

61 3057 176 3132 Qua
208 3066 455 3113 steterat,
496 3056 663 3121 spatio
701 3058 834 3104 male
876 3056 1194 3106 dissociatur
1232 3057 1406 3116 inani,

60 3142 287 3210 Solaque
326 3160 648 3208 consurgens
685 3145 885 3192 medias
922 3156 1042 3209 post
1078 3160 1240 3192 canna
1277 3143 1486 3194 lacunas

56 3230 166 3277 Nec
203 3229 328 3277 satis
365 3248 392 3278 a
432 3243 619 3290 vento,
660 3248 758 3280 nec
797 3248 852 3280 se
891 3241 1088 3280 tutatur
1123 3233 1186 3281 ab
1225 3242 1397 3292 aestu,

59 3316 207 3364 Nuda
243 3317 406 3379 latus,
441 3316 544 3367 fido
581 3335 678 3368 nec
712 3318 814 3385 jam
853 3318 1070 3368 defensa
1109 3336 1348 3368 sororum

63 3403 328 3469 Corpore,
383 3403 446 3453 ab
495 3405 675 3457 insano
728 3409 773 3458 si
813 3407 1018 3473 vapulet
1056 3407 1228 3455 acrius
1266 3407 1428 3453 Euro.

1863 111 1960 166 581
