2100 3882
136 140 243 196 224
730 139 1085 193 Gnamffmn.
1154 143 1422 196 Panicum.

228 311 230 313 ·
286 288 573 341 Observ.
649 288 880 338 Gramen
925 293 1168 360 elegans,
1208 294 1272 343 ab
1315 292 1566 345 affinibus
1615 292 1856 360 panicula
1893 293 2018 344 sub-

143 361 397 428 simplici,
438 359 594 407 ramis
636 358 751 407 basi
789 360 950 428 longo
993 365 1161 430 spatio
1188 364 1514 431 simplicibus
1554 362 1951 429 distinguenda3
1990 382 2020 413 a
2094 363 2100 378 ’

143 429 499 498 praecedente
554 429 811 478 Panico
880 434 1076 482 auric
1097 451 1236 482 omo
1285 437 1361 497 (n.
1414 435 1524 500 qe..)
1575 433 1794 499 insuper
1845 434 2018 483 culmo

145 499 401 566 simplici,
442 497 659 563 spiculis
700 501 1078 561 crassioribus,
1118 503 1265 552 foliis
1296 503 1852 553 setaceo-convolutis
1888 503 2018 568 rigi·
2097 520 2100 522 ·

146 570 226 618 dis
257 569 522 634 ligulaque
559 563 871 634 deiiciente3
922 601 992 610 ——-
1043 592 1068 621 a
1097 574 1440 639 sequentibus
1472 575 1514 620 P
1533 572 1734 622 anico
1772 572 2018 621 setifo-

142 640 238 689 lio
294 649 345 686 et
394 637 964 705 distichophyllo
1014 644 1085 701 (n.
1141 646 1225 708 95.
1281 645 1392 708 ob.)
1441 643 1604 691 multo
1651 642 1807 691 etiam
1852 641 2017 708 magis

141 707 403 759 recedens
465 709 636 757 culmo
699 710 928 775 simplici
988 711 1254 779 ramisque
1294 731 1402 762 non
1455 732 1482 761 a
1531 712 1646 760 basi
1689 712 1774 763 vel
1835 712 2017 761 saltem

141 779 363 846 propius
395 796 424 826 a
450 776 594 838 basi,
648 779 742 828 sed
772 797 879 828 non
909 781 1014 828 nisi
1040 782 1190 847 apice
1221 781 1275 830 in
1300 800 1476 832 ramos
1507 781 1710 832 divisis.

547 917 621 967 951.
673 926 1014 962 PANICUM
1068 928 1608 967 PARVIFOLIUM.

282 1010 346 1058 P.
374 1009 617 1076 panicula
657 1012 948 1077 composita
994 1013 1171 1078 glabra
1216 1026 1465 1080 patente,
1513 1015 1674 1063 ramis
1714 1008 2024 1079 paucifloris
2078 1027 2096 1039 s

141 1079 283 1129 haud
307 1082 466 1145 longe
504 1099 532 1129 a
562 1081 676 1129 basi
701 1081 1047 1131 fasciculatim
1093 1083 1304 1143 divisis,
1346 1084 1563 1151 spiculis
1599 1083 1767 1133 ovatis
1799 1080 2019 1140 obtusis,

141 1151 315 1218 gluma
349 1150 598 1198 inferiori
633 1163 781 1200 ovata
815 1153 1082 1219 superiori
1117 1152 1336 1203 dimidio
1364 1154 1596 1213 minore,
1637 1151 1858 1201 flosculo
1892 1167 2023 1199 neu-

140 1231 227 1269 tro
261 1220 485 1277 hivalvi,
538 1222 707 1270 culmo
741 1220 1336 1283 dichotomo-ramoso,
1385 1224 1533 1273 foliis
1559 1223 1866 1273 lanceolatis
1897 1221 2021 1270 hre-

143 1290 297 1342 vibus
330 1290 528 1355 glaucis
566 1290 745 1339 subtus
783 1292 1117 1354 subvillosis,
1172 1294 1378 1362 vaginis
1404 1294 1693 1361 subpilosis
1718 1309 1812 1341 ore
1837 1290 2025 1340 barba-

141 1360 240 1419 tis,
280 1359 441 1426 ligula
469 1359 653 1409 obtusa
682 1360 836 1410 nuda.

212 1448 481 1500 Variat:

283 1539 330 1567 a.
365 1518 536 1567 culmo
572 1519 655 1567 vix
687 1520 906 1585 palmari
933 1519 1098 1585 magis
1139 1537 1380 1579 ramoso,
1431 1519 1577 1569 foliis
1612 1519 1766 1568 valde
1802 1518 2024 1577 villosis,

143 1587 307 1641 5—-6
336 1588 503 1636 lineas
531 1589 723 1656 longis,
764 1591 968 1657 vaginis
994 1590 1110 1655 plus
1143 1591 1384 1639 minusve
1414 1590 1618 1657 pilosis,
1644 1590 1766 1656 pilis
1793 1606 1820 1638 e
1847 1589 2028 1637 tuber-

142 1660 262 1709 culo
296 1658 496 1707 minuto
534 1659 860 1720 orientibus,
912 1660 1156 1726 panicula
1196 1671 1403 1709 exserta
1443 1659 1756 1720 divaricata,
1810 1659 2028 1726 spiculis

147 1728 460 1778 minorihus.

287 1816 541 1866 Panicum
569 1816 936 1883 parvisolium,
976 1812 1139 1865 Lam.
1179 1814 1271 1865 lll.
1303 1835 1424 1881 gen.
1453 1836 1507 1867 η.
1542 1834 1660 1885 9¹2·
1698 1815 1834 1867 Enc.
1868 1814 2026 1866 meib.

352 1884 450 1936 IV.
478 1905 534 1954 ρ.
566 1889 718 1953 752.,
771 1896 889 1952 742.
929 1883 998 1934 R.
1031 1895 1082 1935 et
1122 1884 1241 1935 Sch.
1282 1887 1334 1936 S.
1377 1892 1427 1938 V.
1463 1889 1540 1936 II.
1569 1906 1626 1955 ρ.
1664 1889 1783 1949 445.
1824 1887 1938 1948 (ubi
1973 1886 2028 1936 in

352 1955 707 2022 descriptione
744 1974 847 2023 pro
884 1953 1062 2022 „folia
1099 1957 1259 2018 4-6
1308 1956 1478 2006 lineos
1511 1955 1668 2005 lala“
1716 1956 2030 2021 legendum.-

360 2026 559 2088 ,μμ-ί)
617 2024 800 2075 lineas·
834 2024 1027 2089 longa,
1089 2024 1154 2091 ΓΞ-
1190 2025 1360 2075 lineas
1400 2025 1571 2076 lata.“
1646 2029 1766 2094 Spr.
1799 2025 1852 2076 S.
1900 2032 1954 2080 V.
1980 2025 2026 2079 I.

355 2114 412 2160 p.
442 2095 561 2156 314.
592 2115 646 2144 η.
682 2096 766 2163 93.
805 2094 968 2158 (εκεῖ.
998 2115 1124 2164 syn.
1159 2093 1220 2146 P.
1245 2096 1620 2165 polygonoide
1651 2096 1846 2162 Lam.)

286 2185 538 2234 Panicum
575 2185 933 2245 adscendens,
975 2179 1425 2254 Hoffmamzsegg.
1452 2183 1620 2235 Herb.
1660 2184 1853 2236 Wlld.

285 2273 535 2322 Panicum
575 2273 921 2333 brasiliense,
963 2276 1080 2341 Spr.
1121 2271 1173 2322 S.
1222 2279 1272 2325 V.
1303 2273 1456 2343 ILp.
1492 2274 1613 2325 321.

284 2362 537 2411 Panicum
573 2362 789 2428 myotis,
848 2359 1009 2411 Herb.
1067 2358 1216 2411 Trln.

291 2450 386 2500 Ob
405 2467 473 2498 se
492 2467 579 2499 rv.
668 2449 816 2498 Folia
869 2450 967 2500 hac
1009 2453 1064 2500 in
1130 2452 1380 2501 varietate
1430 2450 1616 2500 ludunt
1668 2450 1813 2501 varia
1857 2449 2032 2500 latitu-

150 2520 303 2569 dine:
344 2521 398 2568 in
441 2519 557 2568 aliis
599 2519 858 2569 inferiora
899 2521 1509 2588 lanceolam-oblonga,
1564 2522 1840 2588 superiora
1866 2520 2035 2570 abasi

120 2590 794 2654 ‘lanceolato-attenuata3
855 2590 910 2637 in
960 2592 1105 2650 aliis,
1162 2609 1293 2658 quae
1338 2592 1714 2641 Sellowius
1752 2590 1882 2657 legit
1924 2607 2034 2640 om-

146 2661 265 2720 nia,
308 2672 359 2708 et
406 2660 683 2726 superiora
718 2671 769 2708 et
812 2660 1069 2710 inferiora
1102 2660 1233 2709 solia
1292 2671 1411 2710 sunt
1461 2661 1783 2719 conformia,
1823 2661 2035 2709 lanceo-

150 2729 565 2796 lam-oblonga,
620 2740 775 2796 atque
808 2730 1023 2794 brevia3
1080 2730 1135 2778 in
1166 2730 1282 2779 aliis
1323 2730 1582 2796 denique,
1625 2741 1677 2779 ut
1722 2730 1778 2778 in
1831 2732 1892 2779 P.
1926 2728 2030 2778 ad-

149 2816 172 2848 s
186 2816 214 2848 c
231 2816 258 2847 e
274 2816 309 2846 n
327 2799 359 2847 d
373 2815 399 2846 e
417 2811 528 2848 nte
566 2800 660 2847 Ho
678 2799 798 2848 sfm
817 2817 839 2847 s
857 2816 888 2865 g
902 2816 969 2866 g.,
1012 2801 1184 2848 omnia
1214 2799 1514 2867 angustiora
1548 2811 1668 2849 sunt
1691 2810 1745 2848 et
1771 2800 2033 2866 longiora.

148 2873 213 2934 At
246 2869 395 2917 color
431 2869 671 2934 glaucus,
709 2869 849 2918 basis
884 2870 1096 2918 cordata
1117 2905 1130 2928 ,
1180 2870 1496 2936 spicularum
1524 2870 1662 2919 ratio
1699 2870 1756 2918 in
1787 2869 2031 2918 omnibus

152 2950 450 3004 congruunt
469 2974 480 2995 ,
532 2939 803 3005 magisque
833 2939 948 2988 illas
987 2940 1265 2990 varietates
1302 2955 1420 2987 esse
1453 2940 1682 3005 probant
1711 2938 1843 2989 folia
1870 2955 2030 3008 quae-

133 3007 269 3057 ..dam
297 3024 361 3055 cx
386 3007 700 3056 inferiorum
743 3008 958 3070 ordine,
1018 3026 1149 3077 quae
1194 3007 1367 3077 quoad
1400 3007 1623 3058 formam
1664 3026 1853 3059 revera
1902 3011 2053 3059 conl

150 3088 345 3144 gruunt
372 3094 488 3127 cum
516 3077 752 3144 reliquis.

292 3173 337 3214 β.
377 3166 548 3213 culmo
584 3165 701 3213 fere
729 3165 905 3232 pedali
942 3166 1194 3234 foliisque
1227 3178 1279 3216 et
1297 3165 1499 3233 vaginis
1533 3165 1896 3233 glaberrimis,
1935 3183 2026 3234 pa-

151 3235 325 3285 nicula
356 3246 562 3282 exserta
594 3235 758 3301 magis
797 3235 963 3285 divisa
985 3273 997 3296 ,
1038 3237 1255 3302 spiculis
1289 3237 1446 3303 paulo
1477 3235 1784 3302 majoribus.

287 3322 541 3372 Panicum
583 3323 996 3389 granuliferum,
1047 3321 1244 3373 Hnmb.
1282 3332 1332 3372 et
1378 3320 1443 3371 R.
1479 3321 1547 3372 N.
1595 3321 1725 3373 Gen.
1765 3332 1816 3373 et
1852 3325 1940 3390 6)).
1981 3321 2026 3373 I.

356 3410 412 3458 p.
454 3394 564 3442 105.
604 3389 811 3442 ΗιιηίΙι.
856 3395 990 3461 Syn.
1032 3392 1076 3443 J.
1120 3412 1175 3461 p.
1241 3411 1352 3459 17q.
1389 3391 1457 3441 R.
1500 3403 1547 3441 et
1589 3393 1708 3442 Sele.
1753 3397 1805 3443 S.
1840 3398 1915 3444 ‘V-
1950 3395 2029 3443 II.

352 3479 410 3529 p.
443 3461 539 3521 431
560 3456 591 3510 P
625 3487 692 3497 --
730 3463 878 3512 Folia
911 3463 1305 3530 inquibusdam
1332 3464 1666 3530 angustiora,
1707 3464 1818 3513 basi
1848 3474 2029 3511 rotun-

361 3530 506 3594 data,
557 3547 655 3582 nec
690 3533 1109 3599 amplexicaulia,
1167 3534 1223 3583 in
1267 3533 1384 3584 aliis
1419 3532 1550 3584 duos
1592 3533 1814 3601 pollices
1854 3533 2025 3600 longa,
