2100 3882
631 138 978 187 GRAnmmm.
1049 137 1313 186 Paniai-«A.
1797 132 1903 187 297

44 303 218 352 eatae,
269 287 452 339 sctulis
499 284 691 351 sparsis
735 284 1025 334 nitentibus
1075 283 1419 335 transversim
1466 276 1902 331 incumbentibus

43 361 332 426 strigosac‚
372 357 521 421 apice
569 353 938 402 subtruncatae
980 355 1118 402 etin
1165 355 1355 421 angulo
1402 351 1592 418 petioli
1641 348 1768 398 setis
1808 364 1904 396 seu

41 430 190 479 fibris
215 427 464 476 brevibus
491 424 653 472 fuscis
694 422 960 472 barbatae.
1046 422 1197 471 Folia
1249 425 1411 485 7-—8
1455 423 1680 488 pollices
1724 417 1902 482 longa,

43 501 98 547 in
136 497 309 546 medio
354 495 598 561 pollicem
653 490 870 556 l{-—-1{³[
906 493 1035 551 lata,
1092 493 1383 539 acuminata
1431 491 1543 539 basi
1581 486 1906 538 acutiuscula

43 569 98 616 in
142 567 396 632 petiolum
441 563 726 619 sulcatum,
780 561 808 610 3
854 562 1017 608 lineas
1056 559 1305 625 longum,
1357 561 1732 625 pubescentem
1774 565 1908 604 atte-

43 649 213 686 nuata.
291 634 563 683 Involucra
590 644 643 679 ut
672 632 726 677 in
766 630 988 697 reliquis
1012 665 1023 687 ,
1064 629 1178 688 basi
1211 629 1720 693 pubescenti-cana.
1780 624 1909 675 Glu-

44 724 159 755 mae
214 700 731 765 ovato-oblongae,
799 712 1097 748 extrorsum
1154 698 1402 764 obliquae
1453 710 1504 746 et
1568 696 1903 753 subfalcatae‚

43 789 258 831 acutae,
298 772 588 827 t1·inerveS‚
642 770 1025 834 pubescentes,
1078 768 1322 826 ciliatae‚
1380 766 1716 833 longitudine
1756 762 1911 813 dimi-

45 845 121 893 dii
148 842 372 893 flosculi.
446 838 631 913 Quoad
668 839 925 904 reliquam
962 836 1149 885 {lorum
1185 847 1504 883 structuram
1549 835 1681 883 nihil
1727 853 1753 881 a
1794 848 1911 882 cae-

43 926 274 963 terarum
311 910 608 973 specierum
637 906 856 955 floribus
888 906 973 956 isti
1015 905 1268 955 differunt
1300 905 1531 954 valvulae
1565 916 1739 953 tamen
1773 918 1910 951 mas-

43 983 192 1032 culae
233 979 369 1046 pube
410 978 727 1042 conspicua,
768 977 893 1026 licet
932 976 1249 1034 tenerrima,
1289 974 1602 1025 vestiuntur.

184 1083 406 1133 Habilal
451 1081 502 1130 in
543 1081 716 1149 sylvis
765 1082 836 1131 ad
874 1079 997 1150 Eget
1046 1078 1359 1149 prouinciae
1409 1074 1673 1127 Fluminis·
1732 1073 1909 1140 Nigri.

45 1153 348 1205 Decembri.
437 1156 475 1216 ᾗ
494 1187 507 1202 .

515 1319 553 1358 7·
602 1323 935 1360 PARIANA
981 1322 1365 1360 IMRERBIS.
1420 1317 1452 1368 †

188 1431 247 1478 P.
288 1427 575 1479 involucris
618 1427 1182 1483 albido—subvillosis,
1222 1425 1414 1493 glumis
1450 1422 1698 1474 masculis
1743 1419 1917 1471 valvu-

52 1501 119 1548 lis
169 1498 389 1549 dimidio
439 1498 780 1546 brevioribus
837 1496 1344 1547 ovato-subfalcatis
1383 1494 1577 1553 acutis,
1634 1485 1918 1541 foliis‘ob·

52 1568 575 1635 longo-lanceolalis
622 1567 819 1615 scabris
859 1567 1040 1614 subtus
1085 1564 1577 1631 glaucescentibus,
1613 1558 1917 1628 junioribus

48 1637 493 1705 pubescentibus,
547 1636 749 1702 vaginis
795 1637 1135 1687 transversim
1180 1634 1425 1701 strigosis
1468 1649 1562 1684 ore
1617 1631 1802 1689 nudis,
1854 1628 1920 1676 li-

55 1708 177 1775 gula
205 1705 483 1756 rotundata
516 1705 690 1754 bifida.

185 1813 337 1864 Rami
375 1812 549 1879 longi,
590 1811 834 1860 crassitie
865 1829 1066 1876 pennae
1098 1810 1409 1869 anserinae,
1447 1819 1680 1869 teretes,
1717 1806 1922 1856 minute

53 1883 256 1943 striati,
298 1882 500 1950 glabri,
540 1882 633 1930 sub
663 1882 807 1947 spica
834 1881 1052 1942 sulcati,
1092 1881 1280 1929 scabri.
1354 1879 1591 1946 Vaginae
1619 1897 1650 1943 7
1671 1878 1781 1926 -8
1808 1875 1924 1942 pol·

51 1955 185 2003 lices
230 1953 448 2019 longae,
502 1962 709 2011 arctae,
765 1952 1029 2008 sulcatae,
1080 1949 1427 1998 transversim
1461 1950 1755 2016 strigosae,
1797 1944 1925 1994 stri·

53 2023 191 2091 gulis
235 2033 411 2071 tamen
465 2022 664 2079 minus,
719 2038 870 2087 quam
910 2021 965 2068 in
1002 2021 1306 2068 Pariana
1359 2018 1562 2067 molli
1616 2013 1924 2082 conspicuis

54 2093 325 2161 magisque
359 2091 555 2157 sparsis
580 2127 592 2148 ,
634 2090 785 2156 apice
833 2090 1002 2139 nudae
1033 2091 1401 2137 subtruncatae
1443 2088 1785 2153 auriculaque
1832 2101 1924 2132 sua

55 2163 130 2211 ita
166 2179 283 2212 cum
320 2160 483 2227 ligula
527 2160 809 2208 rotundata
853 2160 1001 2208 fusca
1043 2159 1202 2207 bifida
1242 2168 1530 2216 connatae,
1585 2167 1642 2205 ut
1676 2173 1738 2204 ex
1777 2165 1927 2202 utro-

56 2248 158 2299 que
181 2231 347 2279 latere
384 2229 591 2278 lobulus
621 2230 902 2278 subovatus
934 2230 1214 2296 culmoque
1250 2244 1532 2294 appressus
1577 2225 1702 2274 inde
1745 2239 1929 2272 exsur-

57 2311 163 2367 gat.
234 2299 387 2349 Folia
425 2314 643 2346 10—12
679 2298 901 2362 pollices
942 2299 1126 2363 longa,
1180 2298 1266 2348 vix
1303 2314 1330 2344 2
1375 2296 1601 2362 pollices
1647 2294 1778 2350 lata,
1832 2291 1926 2340 ob-

54 2368 587 2435 longo-lanceolata,
641 2367 931 2415 acuminata
958 2403 970 2427 ,
1024 2367 1137 2415 basi
1177 2378 1324 2414 acuta
1363 2365 1515 2415 brevi
1561 2365 1615 2412 in
1661 2361 1926 2428 petiolum

59 2437 532 2503 3—-4-linearem
580 2436 940 2494 decurrentia,
995 2435 1244 2502 utrinque
1292 2434 1503 2491 scabra,
1559 2433 1741 2481 subtus
1784 2430 1926 2499 glau-

64 2507 362 2566 cescentia,
412 2506 622 2572 juniora
667 2506 849 2554 subtus
886 2515 938 2553 et
972 2505 1028 2552 in
1075 2507 1134 2553 P.
1174 2505 1379 2552 molli
1416 2501 1787 2568 pubescentia,
1837 2499 1928 2549 ad-

60 2576 254 2626 ultiora
276 2575 410 2623 nuda
439 2586 491 2624 et
518 2575 717 2623 scabra.
795 2575 952 2639 Spica
983 2575 1014 2623 5
1047 2575 1269 2637 pollices
1302 2573 1488 2640 longa,
1528 2571 1680 2639 apice
1709 2565 1923 2628 cernua,

61 2646 118 2694 in
144 2645 442 2712 pedunculo
475 2662 659 2711 parum
693 2655 923 2693 exserto.
996 2643 1214 2693 Florum
1250 2653 1512 2692 structura
1549 2641 1763 2691 omnino
1798 2657 1925 2707 qua-

61 2715 127 2764 lis
160 2715 216 2763 in
251 2714 551 2764 Pariana
590 2714 814 2774 molli,
855 2713 1048 2776 calycis
1080 2713 1293 2781 quidem
1312 2711 1531 2761 masculi
1566 2711 1771 2777 glumae
1804 2707 1945 2758 sub·

63 2783 213 2833 tilius
240 2784 478 2843 ciliatae,
517 2783 690 2843 facie,
729 2794 786 2831 ut
817 2793 871 2832 et
899 2782 1164 2843 valvulae,
1215 2783 1464 2843 scabrae,
1505 2779 1924 2838 uni-trinerves,

64 2863 237 2903 aetate
277 2853 512 2902 dimidiis
558 2852 777 2903 valvulis
834 2851 1098 2920 aliquanto
1149 2852 1443 2918 longiores.
1531 2848 1751 2902 Valvula
1802 2845 1928 2896 ssos-

65 2922 173 2972 culi
229 2922 448 2972 masculi
495 2922 722 2972 interior
768 2921 1137 2986 (superior)?
1192 2923 1342 2988 apice
1409 2918 1714 2968 membrana
1777 2915 1928 2966 tenui

63 2991 342 3109 rgtundata
391 2991 715 3042 denticulato
745 3020 767 3030 -
795 2991 968 3041 ciliata
1016 2991 1208 3041 cincta.
1296 2989 1528 3039 Stamina
1592 2987 1930 3054 antherigera

76 3077 93 3107 ι
149 3070 312 3122 -24,

202 3163 426 3216 Habitat
457 3167 529 3216 ad
553 3165 738 3217 Barrct
766 3167 834 3216 do
868 3165 972 3216 Rio
998 3164 1197 3234 NegrO.
1288 3171 1369 3230 24..

210 3270 499 3326 Observ.
572 3277 618 3325 A
668 3275 969 3325 Pariana
1019 3273 1217 3322 molli
1270 3271 1519 3322 distincta
1554 3270 1750 3320 barbae
1787 3265 1930 3317 defe-

71 3353 158 3390 ctu
179 3374 193 3399 9
230 3340 387 3407 ligula
419 3343 646 3409 majore,
688 3356 742 3394 et
766 3344 913 3395 soliis
942 3341 1133 3392 adultis
1167 3343 1364 3409 glabris
1400 3340 1639 3401 scabris,
1675 3352 1776 3389 nec
1810 3335 1930 3386 sub-

71 3420 155 3461 tus
195 3426 405 3477 semper
435 3412 1070 3479 pubescenti-mollibus.
1143 3411 1228 3463 An
1264 3408 1556 3465 Varietas‘?
