2100 3882
79 116 423 166 Gaamnnan.
494 114 848 165 Onsnnvmo
897 131 1200 166 Gnoroch
1253 132 1323 166 ΕΤ
1378 133 1749 172 oncosoch.
1823 131 1929 182 557·

73 274 431 320 asservantur,
501 263 665 310 donec
711 261 877 310 servis
928 262 995 310 sit
1038 274 1274 329 tempus,
1342 277 1396 314 ut
1445 283 1624 332 grana
1662 269 1913 324 deterant.

79 331 501 398 Colligendorum
544 347 822 397 granorum
869 347 1113 380 numerus
1162 350 1288 382 vero
1330 335 1475 383 valde
1521 336 1760 389 diversus
1819 355 1916 401 est,

0 427 2 453 ξ
69 413 225 467 prout
264 403 377 449 loca
427 402 676 466 grauique
719 399 956 446 varietas.
1041 404 1213 466 Mays,
1275 421 1424 469 quain
1475 403 1672 454 Cadete
1708 424 1912 470 vocant,

71 486 163 519 seu
210 470 380 516 minor
422 469 654 534 species,
719 467 880 514 multo
930 469 1173 532 pauciora
1232 487 1388 536 grana
1436 491 1645 541 semper
1689 478 1911 542 profert,

69 555 185 588 cum
219 555 281 586 ex
311 555 412 586 uno
447 553 606 602 grano
637 534 791 583 modo
819 544 952 583 unus
981 538 1175 585 culmus
1209 543 1493 604 provenire
1534 546 1701 608 solet3
1739 547 1794 595 in
1828 566 1913 597 re-

70 607 312 674 gionibus
343 605 680 668 sylvestribus
714 605 870 652 Prov.
916 605 1486 673 Sebastianopolitanae
1526 630 1705 662 semen
1746 617 1916 684 vigin-

71 677 170 724 ties
205 675 458 731 reddere,
499 673 751 734 diximus;
805 674 990 721 similis
1029 686 1106 722 est
1137 694 1383 727 numerus
1414 681 1466 728 in
1508 684 1764 733 Minarum
1793 705 1914 752 pro-

66 745 266 807 vincia3
306 744 398 791 sed
434 745 593 791 multo
633 744 797 807 major
829 743 883 789 in
916 739 1089 789 Bahia
1129 755 1178 792 et
1209 748 1495 810 provinciis
1531 755 1913 817 septentriona-

64 814 217 862 libus.
289 816 345 861 In
380 813 577 877 vulgari
604 813 778 876 specie
814 811 1139 877 producendi
1177 813 1391 865 facultas
1421 822 1768 885 Aequatorem
1795 843 1913 875 ver-

67 900 152 931 sus
201 882 362 947 magis
407 883 673 947 magisque
732 897 975 930 crescere
1024 881 1248 930 videtur.
1330 888 1389 933 In
1432 890 1592 936 Serra
1641 892 1708 940 do
1750 891 1909 959 Mar,

63 951 402 1000 feracissimis
434 952 569 1016 agris
605 950 908 1015 provinciae
935 951 986 998 S.
1017 946 1205 1010 Pauli,
1249 950 1351 1001 Rio
1382 954 1446 1004 de
1476 955 1694 1008 Janeiro
1724 973 1776 1011 et
1803 982 1912 1014 me-

65 1020 404 1068 ridionalibus
442 1022 696 1067 Minarum
739 1020 872 1067 bona
916 1020 1100 1068 messis
1133 1020 1218 1069 illa
1266 1024 1429 1072 solum
1474 1026 1723 1094 habetur,
1779 1051 1911 1101 quae

63 1101 270 1139 centum
295 1100 344 1136 et
373 1090 742 1154 quinquaginta
771 1106 927 1154 grana
953 1105 1015 1136 ex
1043 1107 1143 1137 uno
1169 1089 1366 1140 reddit:
1408 1095 1459 1142 in
1492 1094 1701 1164 Campis
1729 1099 1911 1169 Goya'-

64 1167 271 1206 tacctzes
315 1157 583 1205 fertilitate
619 1159 822 1222 inclytis
864 1176 1020 1206 unum
1046 1175 1261 1224 granum
1290 1160 1510 1213 ducenta
1543 1167 1736 1233 gignit3
1776 1184 1827 1220 et
1857 1175 1912 1223 in

61 1224 376 1275 ,Maranlm'o
410 1240 460 1275 et
496 1224 638 1273 Para'
676 1234 871 1275 messes
915 1227 1153 1286 fuerunt,
1203 1228 1258 1276 in
1294 1232 1479 1296 quibus
1514 1253 1669 1286 unum
1694 1255 1911 1305 granum

64 1297 284 1347 ducenta
335 1307 385 1343 et
428 1296 798 1362 quinquaginta
835 1307 918 1344 aut
960 1308 1226 1359 trecenta,
1275 1299 1433 1349 immo
1475 1304 1629 1353 etiam
1673 1318 1912 1362 trecenta

61 1378 113 1414 et
143 1367 509 1432 quinquaginta
546 1365 827 1430 produxit3
877 1367 1142 1432 multoque
1175 1368 1429 1434 largiores
1457 1372 1531 1420 ibi
1557 1389 1761 1436 essent,
1802 1381 1907 1429 nisi

65 1436 355 1492 simiarum,
407 1435 748 1500 psittacorum
795 1434 1118 1502 aliorumque
1169 1438 1340 1486 avium
1390 1442 1620 1507 agmina,
1671 1462 1913 1498 nonnun-

61 1522 212 1572 quam
261 1505 414 1552 etiam
460 1504 740 1565 formicae,
793 1515 966 1552 terrae
1005 1505 1205 1554 fructus
1247 1508 1558 1560 minuerent.
1633 1515 1911 1568 Caeterum

60 1572 187 1623 haec
225 1575 395 1638 planta
433 1591 458 1620 a
486 1574 714 1638 parvulis
759 1590 966 1639 quoque
1000 1574 1248 1633 insectis,
1287 1578 1340 1625 ni
1368 1578 1540 1639 fallor,
1580 1582 1792 1648 tipulis,
1834 1589 1910 1636 in-

56 1642 288 1700 vaditur,
330 1658 459 1708 quae
494 1643 713 1692 calamos
743 1654 1006 1707 pungunt3
1047 1655 1098 1692 et
1130 1645 1349 1695 collecta
1392 1665 1549 1713 grana
1579 1669 1607 1699 a
1640 1655 1910 1707 Curculio·

55 1711 238 1771 nibus,
291 1711 654 1759 Dermestibus
708 1722 759 1759 et
810 1712 921 1760 aliis
969 1713 1260 1763 scarabaeis
1304 1718 1607 1768 eroduntur.
1697 1724 1768 1772 Hi
1809 1727 1906 1776 ini-

54 1781 177 1829 mici
225 1780 601 1846 quodammodo
658 1780 930 1845 prohiberi
986 1781 1055 1829 ita
1099 1796 1347 1848 possunt,
1412 1798 1468 1835 ut
1517 1790 1756 1855 spadices
1804 1814 1905 1846 una

53 1866 170 1898 eum
201 1851 372 1915 granis
421 1849 697 1914 iii-spathis
724 1851 865 1915 juxta
897 1850 1092 1915 fumum
1120 1853 1201 1900 vel
1234 1852 1287 1900 in
1319 1854 1438 1904 loeo
1474 1859 1584 1906 aeri
1620 1862 1775 1926 plane
1815 1882 1906 1914 ex-

53 1919 226 1984 posito
280 1918 686 1984 suspendantur,
754 1918 894 1984 quod
940 1919 1148 1985 quidem
1192 1921 1247 1968 in
1293 1941 1450 1989 parva
1505 1928 1664 1979 totius
1718 1936 1907 1984 messis

51 1999 198 2052 parte
230 1989 394 2036 solum
425 1988 662 2036 adhiberi
690 1988 876 2054 possit.
949 1989 1212 2037 Interdum
1241 1993 1505 2056 granicula
1537 1997 1690 2047 etiam
1716 2004 1905 2053 morbo

52 2057 286 2105 uredinis
337 2058 476 2123 nigri
519 2069 864 2122 occupantur,
919 2058 963 2105 si
1001 2059 1212 2123 gravior
1249 2073 1419 2111 aestus
1462 2065 1613 2114 simul
1652 2085 1768 2119 cum
1811 2073 1904 2122 im-

50 2125 230 2174 bribus
267 2126 458 2175 diutius
484 2128 711 2192 ingruit,
766 2138 850 2174 aut
893 2127 1121 2193 agricola
1177 2133 1532 2195 stagnantibus
1567 2138 1714 2203 aquis
1749 2139 1902 2190 efflu-

52 2195 132 2243 via
177 2195 300 2243 dare
353 2197 589 2261 negligit.
677 2196 944 2244 Formicas
990 2197 1214 2260 plantam
1249 2215 1522 2265 aggressas
1566 2205 1716 2272 igne,
1755 2209 1902 2261 fumo

47 2265 130 2312 vel
166 2281 296 2330 aqua
332 2264 509 2312 delere
542 2280 760 2313 necesse
796 2276 888 2312 est.
963 2265 1029 2313 Ut
1057 2282 1212 2324 aves,
1253 2269 1434 2318 simiae
1480 2273 1715 2341 aliaeque
1754 2278 1903 2331 ferae

47 2333 324 2399 fugentur,
381 2334 543 2382 seduli
590 2334 774 2382 rustici
803 2333 1066 2382 »excubias
1124 2335 1378 2401 agendas,
1432 2339 1581 2406 ignes
1630 2357 1791 2397 noctu
1822 2353 1899 2398 in-

47 2402 347 2451 cendendos
379 2414 462 2451 aut
491 2402 770 2452 mandueos
809 2404 1125 2468 crepitantes
1163 2408 1464 2457 statuendos
1506 2425 1706 2463 curant.

184 2474 241 2519 In
277 2471 543 2521 emendata
573 2474 707 2520 Zeae
750 2473 946 2520 cultura
982 2473 1236 2537 imprimis
1282 2478 1437 2524 aratri
1474 2479 1709 2532 inductio
1747 2488 1900 2551 poni·

44 2553 128 2590 tur
153 2579 166 2601 ‚
205 2543 341 2608 quod
372 2558 553 2606 magno
583 2558 696 2590 cum
726 2541 1038 2607 compendio
1076 2554 1125 2590 et
1155 2546 1402 2608 temporis
1432 2559 1483 2594 et
1517 2566 1799 2615 operarum
1834 2556 1899 2605 ad

46 2611 321 2659 serendum
367 2612 537 2659 sulcos
565 2627 720 2675 agere
754 2611 937 2675 possit.
1021 2612 1218 2662 Verum
1260 2612 1541 2665 dolendum
1586 2621 1691 2678 est,
1744 2625 1900 2674 modo

44 2680 234 2745 passim
278 2679 378 2728 hoc
422 2680 548 2728 utile
596 2681 992 2728 instrumentum
1039 2681 1093 2728 in
1137 2682 1425 2746 provinciis
1465 2689 1898 2743 meridionalibus

43 2750 97 2797 in
124 2767 219 2796 usu
247 2765 396 2809 esse,
453 2748 542 2796 ubi
580 2748 785 2797 facilius
826 2749 1035 2814 quidem
1082 2749 1322 2799 adhiberi
1357 2765 1563 2818 potest,
1622 2761 1764 2825 quod
1813 2780 1897 2813 so-

42 2819 146 2866 lum
181 2818 346 2865 minus
392 2818 661 2883 inaequale
708 2829 890 2883 totque
942 2820 1140 2867 truncis
1183 2831 1233 2868 et
1272 2821 1536 2872 radicibus
1575 2843 1683 2877 non
1718 2842 1895 2897 putre-

41 2887 194 2935 factis
233 2904 336 2935 non
384 2887 722 2952 perstrictum
773 2898 882 2945 est,
938 2905 1089 2954 quam
1123 2888 1178 2935 in
1221 2891 1360 2954 agris
1398 2893 1656 2957 sylvarum
1693 2902 1895 2966 primae

42 2956 415 3021 exstirpatione
444 2956 622 3021 partis·
710 2958 951 3004 Aratrutu
1003 2956 1175 3021 Maydi
1211 2959 1463 3010 colendae
1526 2966 1704 3017 utilius
1753 2984 1893 3020 esset

44 3042 193 3090 quam
227 3026 449 3074 caeteris
478 3025 814 3086 Cerealibus,
855 3024 994 3091 quod
1030 3025 1168 3073 illius
1202 3025 1472 3096 longiores
1498 3031 1702 3086 radices
1737 3039 1890 3090 altius

41 3093 206 3142 solum
247 3095 474 3162 exigunt.
547 3097 784 3159 Magnam
819 3095 1091 3142 utilitatem
1119 3095 1270 3145 etiam
1292 3133 1303 3155 ,
1358 3104 1673 3165 praesertim
1706 3107 1759 3155 in
1786 3119 1889 3157 ste-

41 3161 310 3211 riliorihus
339 3164 534 3229 plagis,
575 3165 753 3230 quales
799 3163 850 3210 in
881 3164 1047 3212 Minas
1082 3175 1134 3213 et
1162 3167 1373 3216 omnino
1405 3168 1460 3216 in
1487 3174 1680 3237 eampis
1707 3176 1888 3226 siccis-

41 3247 140 3297 que
186 3231 342 3295 sylvis
398 3231 653 3295 Calingas
710 3233 1077 3291 inveniuntur,
1144 3233 1198 3282 in
1241 3234 1564 3303 adquirenda
1612 3243 1715 3292 Zea
1753 3244 1924 3293 ater·v

37 3300 237 3349 coratio
277 3297 526 3363 afferret3
574 3301 758 3350 multas
799 3303 938 3350 enim
978 3302 1226 3368 regiones
1265 3303 1367 3355 hoc
1407 3307 1533 3354 utile
1566 3308 1887 3363 frumentum

34 3368 201 3417 adhuc
226 3383 332 3432 non
358 3370 578 3434 gignere
611 3381 845 3426 constat,
897 3372 1325 3438 proptereaquod
1366 3375 1652 3426 incolarum
1695 3380 1885 3433 inertia

32 3437 197 3486 solum
238 3438 615 3489 stercoratione
643 3450 723 3491 ‚et
758 3440 1039 3490 novatione
1074 3456 1390 3506 praeparare
1412 3443 1662 3510 neglexit.
1735 3449 1896 3520 Cala-r
