2100 3882
117 102 120 103 ⁷
171 101 277 155 538
316 82 321 89 ⁴
485 92 836 143 (imminuam
905 84 1266 138 Onsnavarxo
1299 98 1715 134 ennean-mea,

171 243 384 298 flosculi
427 240 712 299 valvulam,
777 248 989 286 tenuem
1029 251 1144 283 eam
1189 245 1242 284 et
1280 229 1732 284 membranaceam
1773 230 2036 298 apiceque

169 319 398 367 laceram
427 310 696 360 existimes
715 343 727 366 ‚
784 305 941 356 cave!
992 308 1128 354 Tum
1158 305 1349 370 duplex
1375 300 1540 367 fingas
1578 318 1800 349 necesse
1827 301 1928 349 erit
1955 300 2034 347 in'-.

171 386 478 439 volucrum,
516 378 746 428 exterius
774 376 982 425 scilicet
1012 375 1202 432 breve,
1259 372 1485 423 interius
1522 383 1695 420 autem
1724 369 2033 434 triphyllum

173 454 561 519 cirrhigerum,
602 447 742 516 quod
775 456 923 494 certo
944 480 957 503 ,
988 453 1045 491 ut
1078 461 1234 510 supra
1264 444 1494 492 diximus
1517 477 1529 500 ‚
1581 439 1873 506 glumarum
1910 438 2032 488 loco

171 537 268 577 est.
340 525 512 570 Porro
541 519 701 567 trium
731 513 939 564 flosculi
967 513 1301 571 valvularum,
1342 509 1578 579 ejusdem
1611 504 1868 574 originis,
1907 506 2036 556 duas

169 595 370 662 glumas
395 588 721 656 appellares,
761 585 970 634 tertiam
996 581 1206 632 flosculi
1230 583 1544 632 inferiorem
1572 579 1858 639 valvulam3
1901 586 2036 644 quae

173 673 363 713 cuncta
400 659 559 709 invita
585 668 767 707 natura
801 656 876 703 sic
905 653 1192 715 constitui3
1243 664 1465 715 experto
1511 650 1832 699 credendum
1869 646 2036 696 nemi-

156 747 398 801 ·nemque
428 727 639 791 latebit,
699 725 786 775 cui
816 725 1025 792 plantae
1051 721 1682 796 examinandaeRfacultas
1713 716 1898 770 fuerit.

641 1168 1038 1215 OBSERVATIO
1098 1164 1561 1210 GEOGRAPHICA.

305 1353 614 1406 Graminum
644 1350 777 1400 ordo
802 1348 1056 1398 naturalis
1081 1365 1186 1396 non
1212 1345 1382 1395 solum
1414 1344 1483 1395 ob
1513 1344 1860 1411 multiplicem
1883 1363 2030 1394 usum

165 1427 259 1483 (de
290 1443 394 1494 quo
431 1424 570 1472 infra
610 1418 881 1469 nonnullis
920 1417 1314 1478 tractabimus),
1367 1427 1418 1465 et
1447 1415 1590 1483 quod
1619 1433 1715 1481 per
1743 1414 2029 1465 latissimos

161 1508 425 1547 terrarum
451 1503 646 1543 tractus
672 1487 865 1538 diffusa
899 1499 1046 1546 sunt,
1100 1487 1306 1536 animos
1336 1499 1550 1537 naturae
1588 1498 1940 1536 scrutatorum
1974 1487 2028 1534 in

164 1584 222 1617 se
268 1574 584 1614 convertere
619 1559 809 1617 debet,
863 1558 956 1607 sed
993 1557 1127 1605 hanc
1170 1573 1382 1624 quoque
1429 1555 1495 1604 ob
1540 1572 1747 1605 causam
1807 1573 2028 1623 eamque

158 1635 520 1702 praecipuam,
561 1628 701 1699 quod
731 1646 978 1690 numerus
1005 1626 1354 1693 singulorum,
1399 1625 1586 1674 eodem
1630 1625 1749 1675 loco
1781 1642 2030 1675 crescen-

157 1706 322 1763 tium,
378 1704 450 1751 ita
488 1713 567 1752 est
601 1696 870 1760 infinituS‚
913 1710 968 1747 ut
1009 1695 1360 1764 paucissimae
1399 1694 1663 1755 familiae,
1727 1696 1834 1745 nisi
1881 1695 2028 1745 forte

157 1774 476 1832 Coniferae,
536 1773 909 1837 *Proteaceaem
987 1767 1214 1817 Ericeae
1280 1776 1335 1813 et
1386 1762 1518 1813 aliae
1569 1766 1857 1832 quaedam,
1909 1782 2030 1814 cum
2092 1818 2093 1821 ,

159 1845 269 1895 illis
314 1842 524 1909 possint
562 1840 661 1889 hac
711 1838 765 1886 in
803 1855 863 1887 re
903 1835 1220 1904 comparari.
1314 1837 1462 1883 Haec
1508 1845 1684 1884 autem
1727 1834 2032 1884 individuo-

156 1933 275 1965 rum
327 1912 607 1969 sertilitaS,
659 1925 793 1977 quae
819 1919 924 1956 tam
958 1924 1022 1957 ex
1058 1905 1315 1954 seminum
1348 1905 1664 1971 plerumque
1702 1905 2029 1955 minutorum

158 1984 306 2035 facili
337 1982 703 2047 dispersione,
744 1995 897 2045 quam
931 1994 959 2025 e
987 1975 1224 2024 radicum
1260 1985 1474 2040 reptatu
1508 1974 1881 2043 stolonumque
1918 1974 2031 2025 fre-2

159 2052 346 2123 quenti
383 2061 574 2101 exortu
600 2048 799 2105 oritur,
839 2058 1059 2113 tegmen
1098 2043 1229 2093 illud
1267 2043 1502 2094 Telluris
1539 2044 1713 2094 viride
1758 2036 2027 2111 procreat,

161 2124 307 2192 quod
344 2135 610 2185 campos
647 2127 988 2184 prataque
1028 2113 1263 2172 obducit,
1301 2131 1418 2162 nam
1446 2113 1826 2181 vegetabilium
1859 2113 2028 2164 socia-

155 2193 287 2243 lium
333 2191 386 2238 in
437 2186 635 2254 campis
680 2188 839 2254 longe
897 2185 1118 2234 maxima
1155 2201 1279 2251 pars
1323 2184 1388 2233 ad
1437 2183 1844 2236 Gramine-arum
1882 2183 2028 2236 ordi·

149 2281 273 2315 nem
304 2259 555 2326 pertinet.

292 2332 442 2404 Quae
484 2340 652 2396 quum
692 2325 765 2374 ita
807 2324 940 2383 sint,
981 2339 1178 2388 operae
1221 2322 1452 2389 pretium
1496 2321 1739 2383 videtur,
1790 2333 1881 2382 ut,
1935 2322 2027 2372 de-

154 2402 372 2466 scriptis
403 2399 504 2465 jam
542 2413 740 2444 summa
774 2411 897 2443 cura
925 2392 987 2442 ab
1017 2392 1222 2459 optimo
1261 2403 1448 2441 nostro
1488 2410 1690 2441 ΝΕΕειο
1730 2392 2026 2460 graminum

151 2469 547 2521 brasiliensium
574 2465 886 2530 speciebus„
928 2480 1061 2531 quae
1111 2462 1176 2511 ad
1211 2460 1311 2510 hoc
1353 2473 1558 2529 tempus
1604 2463 1843 2512 detectae
1886 2473 2021 2522 sunt,

150 2540 394 2591 breviter
422 2536 799 2602 dispiciamus,
854 2551 958 2601 quo
1004 2531 1164 2581 modo
1202 2548 1300 2598 per
1341 2549 1580 2591 omnem,
1630 2550 1730 2599 qua
1766 2532 2023 2582 latissime

149 2621 324 2677 patet,
377 2606 656 2657 Brasiliam
704 2603 1017 2669 dispertitae
1067 2601 1187 2650 sint.
1275 2600 1425 2674 Quae
1469 2601 1682 2668 quidem
1717 2601 2027 2669 disquisitio

147 2680 304 2730 nobis
329 2676 576 2728 nonnulla
607 2673 851 2732 docebit,
893 2673 1052 2738 digna
1096 2687 1230 2738 quae
1262 2671 1580 2739 geographis
1612 2682 1666 2720 et
1700 2682 1916 2720 naturae
1937 2689 2027 2721 cu·

146 2749 308 2799 riosis
354 2746 676 2803 offerantur,
735 2759 1048 2810 quamquam
1106 2757 1212 2789 non
1263 2741 1407 2790 omni
1467 2740 1798 2790 dubitatione
1841 2757 2021 2802 vacua,

149 2819 348 2888 quippe
387 2833 551 2884 quum‘
585 2832 693 2864 non
736 2813 964 2879 diligens
1006 2809 1131 2860 satis
1170 2827 1268 2876 per
1316 2810 1562 2876 ingentes
1600 2810 1720 2859 illos
1758 2821 2020 2860 terrarum

147 2899 345 2938 tractus
396 2886 582 2935 harum
626 2901 804 2933 rerum
849 2880 1154 2930 observatio
1197 2879 1472 2947 hucusque
1509 2879 1710 2940 fuerit,
1762 2897 1863 2931 nec
1908 2884 2019 2930 ofn-

147 2974 244 3008 nes
284 2956 404 3004 illae
431 2955 681 3020 regiones
709 2952 804 3002 sub
831 2968 1047 3000 examen
1076 2948 1256 2998 vocari
1289 2949 1583 3016 potuerint.

286 3029 344 3073 In
379 3023 757 3072 dissertatione
799 3021 972 3087 primo
998 3019 1151 3084 hujus
1189 3019 1370 3085 operis
1406 3016 1657 3068 volumini
1689 3016 1919 3085 praefixa
1948 3017 2015 3068 de

150 3099 274 3145 a'e're
311 3104 365 3143 et
397 3093 530 3142 loeis
571 3105 727 3158 atque
761 3092 824 3139 (le
870 3102 1218 3155 utrorumque
1259 3089 1321 3137 ad
1351 3088 1761 3155 promovendam
1801 3099 2016 3155 vegeta·

146 3167 347 3215 tionem
388 3161 676 3211 rationein
709 3162 1014 3220 universum
1043 3169 1216 3206 actum
1265 3168 1361 3207 est.
1433 3157 1682 3205 Diximus
1722 3157 1879 3207 etiam
1921 3158 2017 3226 qui
2054 3180 2058 3183 ¹

145 3247 406 3285 terrarum
440 3243 632 3280 tractus
667 3231 720 3278 in
762 3240 968 3277 montes
998 3227 1303 3281 eleventur,
1365 3227 1453 3293 qui
1495 3226 1547 3274 in
1593 3227 1759 3276 colles
1806 3227 2015 3292 disper-

151 3317 368 3372 gantur,
406 3300 497 3368 qui
542 3301 596 3348 in
644 3315 857 3361 campos
898 3307 1111 3362 pateant
1163 3307 1248 3344 aut
1287 3297 1445 3359 sylvis
1492 3296 1869 3354 frondescent,
1923 3296 2015 3364 qui

150 3374 379 3440 denique
420 3371 554 3419 fines
584 3369 690 3418 sint
734 3368 1010 3432 utriusque
1045 3365 1258 3431 generis
1293 3365 1607 3431 vegetabilis
1636 3377 1688 3414 et
1715 3365 1930 3415 alterius
1962 3366 2017 3413 in

150 3444 371 3494 alterum
412 3439 679 3492 transitus.
751 3441 808 3486 ln
852 3436 947 3485 hac
991 3437 1168 3504 itaque
1207 3435 1528 3486 disseremus
1580 3437 1644 3485 de
1687 3435 2016 3487 memorabili
