2100 3882
546 113 898 161 Gummi-..mn
976 113 1442 160 Scmzacurmmu.
1557 124 1562 139 ·
1824 110 1927 167 333

277 283 318 322 1.
364 279 989 319 scnizACHYRIUzu
1034 279 1609 317 coanNSA‘rUM.
1654 275 1684 326 †

193 370 315 420 Sch.
368 367 743 419 monandrum,
815 363 986 411 culmo
1040 364 1622 416 fasciculam-ramoso
1667 365 1927 433 foliisque

54 439 344 493 linearibus
384 435 609 502 glabris,
651 432 814 498 spicis
852 432 1104 478 solitariis
1136 435 1367 495 undatis,
1407 435 1591 484 rliachi
1632 436 1925 502 pedicello-

56 530 159 579 que
203 508 433 573 spiculae
475 503 712 551 neutrius
760 501 1034 549 obsoletae
1081 503 1351 551 subillatae
1386 506 1612 552 muticac
1649 506 1923 571 plumosiS,

53 583 149 630 hac
191 579 395 627 demum
423 590 670 628 recurva,
713 582 823 620 seta
859 570 1058 634 spicula
1101 589 1188 617 sua
1224 572 1386 637 triplo
1421 574 1682 641 longiore,

193 664 375 718 Variat
429 681 471 707 οι.
529 659 692 723 spicis
746 657 1192 707 confertim-ibus:
1324 645 1327 648 ,

196 752 556 813 Andropogon
610 745 993 804 condensatus,
1050 742 1118 791 H.
1157 751 1207 791 et
1246 741 1313 791 Ii.
1354 743 1473 794 Noa)
1542 747 1605 797 G.
1656 758 1705 797 et
1752 747 1840 816 Sp.
1879 748 1927 802 I.

256 838 312 886 p.
368 819 476 865 151.
526 812 728 862 linum.
770 812 902 879 Syn.
938 812 982 862 I.
1014 832 1069 878 ρ.
1115 822 1230 873 242.
1273 811 1338 860 R.
1378 824 1426 862 et
1467 813 1583 865 Sele.
1631 816 1682 866 S.
1739 820 1795 869 V.
1828 822 1929 871 ἱῙῙ,

253 907 310 954 ρ.
350 888 466 935 825.
507 886 624 951 ὅρι’.
658 883 709 931 S.
759 883 816 932 V.
846 881 892 932 I.
920 901 974 949 p.
1011 882 1126 932 286.
1199 880 1381 930 [zaddi
1404 886 1729 955 Agrostogr.
1765 887 1931 940 Bras,

252 975 304 1022 p.
344 955 428 1014 34.

191 1044 552 1107 Andropogon
596 1040 883 1098 latifolius,
925 1036 1043 1105 Spr.
1077 1041 1129 1087 S.
1173 1042 1223 1088 V.
1260 1041 1303 1087 I.
1329 1058 1384 1105 p.
1421 1041 1538 1092 286.
1573 1061 1623 1091 η.
1656 1043 1739 1106 46.
1781 1039 1940 1109 (fide

262 1112 523 1177 exenwll,
578 1113 644 1157 ab
685 1109 794 1175 ipso
824 1118 1044 1157 auclore
1073 1108 1357 1173 inscripti.)

193 1211 238 1256 β.
276 1200 438 1267 spicis
476 1198 766 1247 laxioribus
796 1197 1014 1263 spiculis
1044 1196 1206 1262 magis
1237 1197 1584 1247 distantibus:

188 1288 465 1353 Deyeuxia
521 1287 749 1351 spicata,
805 1287 924 1350 Spr.
963 1282 1014 1332 S.
1067 1288 1117 1334 If.
1156 1285 1201 1333 I.
1242 1302 1300 1350 J).
1351 1288 1469 1348 254.
1510 1282 1650 1351 (fide
1697 1287 1933 1357 exempli

259 1357 324 1405 ab
373 1365 592 1404 auclore
625 1350 880 1418 deliniti.)

191 1454 359 1504 Radix
391 1452 616 1510 fibrosa‚
667 1450 818 1501 fibris
857 1451 1104 1500 tenuibus
1134 1453 1345 1518 pallidis
1389 1452 1601 1504 fibrillis
1649 1472 1932 1520 exaspera-

54 1526 140 1574 tis.
216 1523 386 1573 Culmi
426 1523 742 1586 caespitosi,
787 1522 1206 1585 2—3-pedales
1234 1560 1244 1579 ,
1307 1525 1551 1574 crassitie
1597 1543 1802 1591 pennae
1840 1541 1932 1575 co·-

56 1593 353 1654 lumbinae,
395 1594 592 1646 erecti,
644 1590 757 1638 basi
802 1602 995 1639 teretes
1021 1628 1032 1650 ‚
1097 1610 1323 1657 superne
1363 1595 1699 1643 semiteretes
1733 1596 1934 1645 altero-

60 1680 163 1731 que
214 1664 269 1710 in
322 1663 486 1709 latere
539 1661 1000 1719 subcanaliculati,
1061 1660 1264 1719 laeves,
1318 1663 1521 1728 glabri,
1586 1664 1930 1725 multinodes‚

59 1751 125 1781 ex
155 1732 299 1781 omni
349 1731 467 1779 sere
512 1731 651 1778 nodo
706 1730 974 1795 superiori
1018 1731 1238 1779 edentes
1275 1750 1509 1790 ramum,
1564 1733 1756 1782 iterum
1788 1752 1937 1783 com-

55 1803 287 1869 positum
310 1837 322 1860 ,
360 1800 443 1849 vel
483 1800 775 1847 solitarium
815 1799 896 1847 vel
929 1800 1101 1847 addita
1134 1802 1278 1867 spica
1312 1803 1624 1866 pedicellata
1652 1804 1931 1854 sociatum.

57 1871 298 1921 Rami.hi
333 1870 584 1935 graciles,
651 1873 1189 1927 convexo-concavi,
1245 1871 1448 1937 glabri,
1506 1874 1710 1938 vaginis
1750 1873 1935 1938 aphyl-

59 1941 156 1996 lis,
201 1957 298 1988 ceu
327 1940 524 2004 spathis
549 1975 560 1997 ,
602 1939 694 1986 sub
738 1938 953 1986 ramulis
993 1951 1045 1987 et
1078 1941 1239 2004 spicis
1269 1941 1556 1989 bracteati:
1599 1944 1818 1991 extremi
1847 1960 1932 1991 ra-

59 2010 189 2058 muli
221 2009 550 2068 fasciculati3
601 2009 654 2055 in
695 2009 962 2058 nonnullis
999 2027 1182 2057 omnes
1217 2011 1349 2057 rami
1375 2021 1530 2077 atque
1558 2013 1744 2060 ramuli
1778 2012 1932 2060 fasti-

57 2079 216 2148 giati,
271 2078 570 2141 corymbosi
623 2089 673 2125 et
721 2078 883 2126 dense
929 2079 1177 2128 conferti.
1263 2081 1499 2147 Vaginae
1545 2082 1935 2147 compressius-

58 2151 238 2210 culae,
278 2149 492 2197 omnino
525 2146 766 2212 glabrae,
809 2148 1052 2207 striatae,
1108 2149 1396 2207 carinatae,
1449 2151 1770 2200 internodiis
1814 2151 1932 2200 lon-

57 2219 270 2286 giores,
310 2234 442 2285 quae
484 2216 713 2281 (lenique
756 2218 809 2263 in
854 2218 1062 2276 culmo,
1116 2218 1204 2265 ubi
1252 2219 1382 2266 rami
1431 2221 1766 2279 exoriuntur,
1821 2238 1933 2269 am·
1980 2247 1985 2251 --

56 2288 299 2354 pliores,
350 2285 816 2343 membranaceae,
884 2285 1276 2345 fuscescentes,
1334 2288 1467 2336 solio
1509 2289 1663 2338 brevi
1706 2300 1936 2355 angusto-

59 2368 146 2406 aut
197 2373 414 2420 prorsus
462 2355 605 2402 nullo
655 2355 976 2419 gaudentes,
1044 2357 1096 2402 in
1142 2357 1301 2404 ramis
1350 2369 1402 2404 et
1446 2359 1660 2408 ramulis
1714 2376 1930 2422 semper

59 2426 326 2491 aphvllae‚
385 2423 1010 2490 lanceolam-oblongae,
1064 2437 1274 2483 acutae,
1326 2429 1664 2486 convolutae,
1717 2428 1935 2493 spathas

58 2495 277 2561 fingunt.
351 2495 538 2559 Ligula
570 2493 745 2540 brevis
770 2529 781 2550 ,
821 2495 1125 2552 rotunclata,
1166 2495 1465 2553 crenulata,
1508 2499 1927 2558 membranacea,

59 2565 258 2632 glabra.
339 2565 492 2612 Folia
540 2562 789 2610 radicalia
839 2573 891 2610 et
937 2564 1140 2611 caulina
1192 2565 1645 2624 inferiorab—{3
1697 2568 1928 2632 pollices

58 2636 248 2700 longa,
286 2631 479 2681 deinde
514 2633 711 2678 sensim
758 2632 1174 2693 decrescentia,⁴
1204 2633 1370 2683 lineas
1415 2633 1469 2696 1}
1502 2636 1630 2694 lala,
1680 2636 1925 2698 linearia,

55 2702 408 2759 acutiuscula,
477 2701 735 2759 carinata,
809 2701 986 2768 glabra
1043 2715 1095 2752 et
1143 2704 1339 2765 laevia,
1411 2704 1923 2770 subglaucescentia.

59 2775 253 2839 Spicae
287 2771 580 2829 solitariae,
630 2768 814 2831 112—2
854 2773 1077 2836 pollices
1109 2773 1326 2838 longae,
1367 2774 1420 2821 in
1453 2775 1752 2841 pedunculo
1775 2774 1925 2824 tenui

56 2843 171 2891 basi
195 2841 276 2892 vel
313 2853 424 2889 toto
455 2840 535 2890 vel
570 2856 803 2904 magnam
845 2854 1046 2905 partem
1077 2844 1256 2906 spatha
1294 2854 1438 2892 tecto
1486 2844 1781 2893 semitereti
1813 2847 1925 2912 gla-

55 2912 186 2970 bro,
225 2910 287 2960 ad
327 2910 478 2958 basin
520 2911 701 2974 vagina
724 2911 1039 2977 ,spathacea,
1095 2913 1318 2979 reliquis
1361 2914 1556 2972 simili,
1608 2915 1767 2980 duplo
1798 2914 1924 2963 bre-

54 2980 205 3029 viore
256 2991 401 3027 recta
451 2980 748 3043 praeditae,
809 2978 1064 3039 reflexae,
1117 2984 1362 3047 graciles.
1447 2983 1676 3032 Rhachis
1727 2984 1921 3045 tenuis,

58 3064 385 3113 compressa,
438 3048 697 3108 flexuosa,
754 3049 815 3097 ad
865 3051 1183 3114 spicularum
1232 3052 1579 3101 insertionem
1621 3052 1922 3101 alternatim

56 3118 301 3177 barbata,
354 3132 794 3183 purpurascens.·
849 3120 1059 3184 Spicula
1117 3122 1316 3168 sessilis
1364 3122 1918 3182 lineari-lanceolata,

58 3187 365 3242 acuminata,
400 3189 695 3244 virescens,
736 3187 942 3252 apicem
973 3207 1152 3238 versus
1185 3190 1245 3237 ad
1277 3208 1468 3239 nervos
1498 3191 1678 3240 scabra
1711 3202 1762 3239 et
1794 3208 1924 3255 pur-

58 3272 238 3322 purea.
314 3256 465 3311 Seta,
514 3268 760 3323 quantum
806 3259 1033 3316 eminet,
1084 3260 1392 3308 trilinearis.
1474 3261 1773 3309 Pedicellus
1813 3271 1922 3307 ste-

58 3325 175 3374 rilis
212 3324 540 3389 longitudine
579 3327 812 3390 spiculae
847 3329 1086 3389 sessilis,
1142 3327 1442 3385 filiformis,
1494 3330 1794 3394 plumosus,
1834 3328 1923 3376 de-

59 3411 201 3442 mum
229 3405 553 3443 recurvatus.
609 3395 855 3460 Spiculae
888 3397 1243 3447 rudimentum
1264 3399 1537 3447 minimum
1560 3435 1572 3457 ‚
1611 3400 1698 3449 vix
1733 3396 1923 3447 ‹listin-

58 3463 351 3529 guendum‚
389 3462 716 3524 sulmlalum,
754 3466 1023 3514 muticum.
