2100 3882
187 161 299 216 26ss
782 160 1134 239 GnAmmzaE.
1179 198 1182 200 -
1207 163 1482 214 PAmcum.

182 328 312 370 nus,
354 308 465 360 Ser.
487 306 668 357 Princ.
698 306 1090 371 Neocidensis.)
1128 339 1197 349 —
1230 319 1277 364 β.
1317 311 1369 361 in
1394 310 1569 380 sylvis
1601 313 1835 365 aeternis
1861 314 1934 364 ad
1944 360 1947 361 γ
1948 312 2075 380 flu-

156 399 302 431 ·men
334 378 545 447 Jasmrci
586 378 901 445 provinciae
932 376 1177 443 fluminis
1208 379 1395 448 Nigri,
1435 380 1664 449 aliisque
1697 380 1971 434 Brasiliae
2018 386 2073 435 in

183 449 329 499 locis.
370 446 664 510 (lWartius.
704 448 943 512 Sellow.)
990 481 1060 489 —-
1116 448 1300 500 Floret
1338 448 1644 502 Decembri.
1689 460 1748 519 Θ
1824 455 1915 520 (V.
1949 473 1989 504 s.
2029 493 2073 507 ..

181 529 230 575 β.
267 519 319 568 in
363 516 527 568 Herb.
557 516 695 587 Reg.
728 517 911 569 Ber-ol.
944 528 993 568 et
1025 518 1128 570 Hb.
1158 518 1420 581 Haencla.)

320 607 602 658 Observ.
679 608 912 675 Spiculis
958 609 1333 669 creberrimis,
1393 611 1460 659 iis
1514 612 1762 662 Panici
1812 613 2068 664 Cruris

182 675 364 745 galli
403 677 624 726 dimidio
661 679 957 728 minoribus
995 690 1045 728 et
1090 680 1235 744 spica
1266 681 1517 730 densiore
1556 682 1955 748 subpaniculata
1990 683 2072 733 di-

183 747 491 813 stinguitur.
567 748 742 797 Distat
787 750 928 797 enim
979 759 1180 797 tantum
1233 767 1260 797 a
1298 751 1357 798 P.
1399 752 1615 801 Crure
1655 752 1862 819 galli,
1904 750 2068 820 q'uan·

181 828 292 868 tum
331 818 472 866 istud
502 835 528 865 a
565 818 625 866 P.
667 819 992 883 oryzino,
1035 819 1175 867 inter
1213 836 1346 886 quae
1383 820 1705 870 Panicum
1743 821 2071 889 hispidu-

180 887 342 947 lum,
417 888 823 938 Lamarckii
875 888 1075 953 aliique
1146 898 1362 937 catenae
1435 891 1633 939 annulli
1705 891 2068 942 intercedunt.

181 956 332 1009 Var.
387 965 434 1011 β.
491 974 586 1006 seu
632 956 1114 1007 Echinochloa
1164 960 1587 1024 composita,
1647 957 1818 1010 Presl.
1853 959 2061 1010 Haenk.

182 1020 348 1074 Her-b.
393 1027 455 1076 ab
499 1027 604 1076 isto
655 1028 913 1076 Panico
957 1029 1170 1076 Crure
1211 1029 1502 1093 pavonis
1544 1028 1824 1081 difficilius
1862 1032 2069 1081 discer-

179 1096 362 1156 nitur3
403 1097 654 1146 distincta
702 1108 873 1145 tamen
912 1096 1026 1144 fere
1059 1097 1270 1146 videtur
1300 1114 1514 1147 racemo
1565 1113 1747 1151 erecto
1796 1103 2067 1170 ramisque

180 1166 381 1215 erectis
408 1167 804 1225 strictioribus,
846 1166 1031 1215 rbachi
1061 1167 1330 1215 communi
1361 1185 1593 1234 superne
1624 1170 1885 1238 triquetra
1905 1208 1917 1228 ,
1957 1173 2069 1238 glu-

180 1252 266 1298 ma
296 1236 560 1285 inferiore
601 1236 664 1284 ad
698 1237 953 1302 spiculam
989 1236 1105 1284 fere
1134 1237 1362 1286 mediam
1398 1249 1668 1304 protensa.

321 1320 548 1372 Habitat
587 1322 640 1371 in
680 1319 875 1373 [Λα-4οη
915 1322 1110 1373 insula.
1185 1324 1338 1387 (Vidi
1378 1324 1431 1374 in
1470 1323 1632 1375 Herb.
1663 1324 1928 1389 Haenck.)

317 1594 551 1646 Adnot.
643 1598 1105 1650 Ouemadmodum
1163 1599 1252 1648 hic
1308 1599 1413 1650 loci
1460 1599 1684 1659 Panica,
1740 1616 1769 1649 e
1822 1598 2065 1650 sectione

179 1647 699 1731 Echinochloarum‘}
751 1671 990 1738 quinque
1025 1670 1290 1735 descripta
1323 1680 1472 1732 sunt,
1518 1671 1710 1738 ligulae
1739 1669 1955 1720 defectu
1988 1670 2068 1718 in-

185 1734 388 1800 signia,
443 1736 590 1803 cujus
634 1739 756 1789 loco
798 1741 863 1788 ad
907 1751 1149 1789 exortum
1188 1740 1309 1788 folii
1348 1741 1547 1789 macula
1574 1751 1856 1798 notantur,
1899 1756 2068 1807 eaque

178 1820 309 1854 vero
341 1823 635 1873 progressu
670 1810 899 1876 quodam
945 1810 1352 1876 compositionis
1399 1811 1578 1877 spicae
1617 1821 1672 1859 et
1711 1827 1813 1859 una
1850 1810 2066 1859 decres-

179 1885 339 1927 cente
392 1877 710 1942 spicularum
751 1881 1143 1947 magnitudine,
1198 1880 1292 1929 sed
1326 1892 1480 1930 aucto
1528 1897 1710 1930 earum
1738 1895 1961 1929 numero
1986 1914 1998 1938 ,
2038 1897 2067 1928 3

176 1944 444 1997 Panico
494 1949 712 1997 Crure
753 1949 952 2000 corvi
1004 1961 1056 1998 et
1108 1952 1166 1997 P.
1220 1949 1573 1999 muricato
1627 1967 1728 2017 per
1774 1951 1838 2001 P.
1891 1951 2090 2000 Crus-

177 2012 359 2079 galli
400 2027 452 2065 ct
489 2018 548 2065 P.
591 2020 965 2083 oryzimum
1015 2020 1077 2067 ad
1115 2021 1175 2070 P.
1217 2018 1692 2068 sabulicolum
1733 2018 1884 2087 quasi
1922 2031 2064 2068 tran-

175 2082 334 2131 situm
387 2085 666 2135 molientia
718 2107 874 2136 unum
921 2090 972 2137 in
1027 2088 1288 2138 alterum:
1329 2089 1406 2137 sic
1447 2089 1608 2138 etiam
1645 2088 1847 2138 Indiam
1885 2089 2065 2138 orien-

172 2151 333 2200 talem
389 2168 442 2204 et
491 2156 726 2205 Asi-icam
777 2161 919 2207 alere
979 2159 1104 2208 alias
1155 2159 1365 2224 species
1419 2158 1799 2226 cognovimus,
1860 2174 2059 2227 easque

170 2221 434 2272 Panico
476 2228 775 2290 oryzino
820 2229 1066 2295 inprimis
1107 2229 1344 2287 similes,
1388 2245 1522 2296 quae
1550 2265 1562 2288 ,
1603 2229 1765 2296 ligula
1795 2228 1955 2296 longe
1985 2229 2062 2279 ci-

170 2290 324 2354 liata,
385 2311 478 2343 seu
522 2295 577 2343 in
617 2298 742 2346 cilia
792 2299 993 2359 soluta,
1048 2298 1110 2346 ab
1152 2298 1433 2364 europaeis
1483 2298 1730 2348 omnibus
1779 2309 1832 2347 et
1866 2298 2062 2348 ameri-

170 2363 317 2410 canis
352 2364 627 2434 plerisque
659 2368 998 2428 abludentes,
1039 2368 1173 2417 hanc
1219 2369 1287 2418 ob
1321 2368 1732 2417 similitudinem
1781 2366 2058 2437 hucusque

168 2447 270 2479 una
311 2435 518 2499 species
546 2438 851 2501 promiscue
886 2439 1241 2495 habebantur,
1291 2439 1501 2487 tametsi
1537 2438 1733 2505 magis,
1776 2455 1929 2499 quam
1955 2438 2058 2486 ulla

165 2503 639 2569 praecedentium,
702 2510 810 2558 suis
853 2509 1248 2558 characteribus
1298 2507 1709 2574 distinguantur.
1783 2509 1932 2558 Haec
1965 2526 2055 2558 au-

165 2581 275 2620 tem
321 2584 474 2621 sunt:

307 2660 633 2712 Panicum
674 2665 975 2732 pictum,
1017 2667 1317 2733 Roenig:
1360 2666 1506 2731 spica
1546 2665 1844 2730 composita
1875 2676 2054 2715 erecta

167 2729 484 2793 partialibus
523 2736 771 2795 alternis,
815 2738 1034 2802 spiculis
1077 2737 1244 2785 ovatis
1278 2736 1509 2800 turgidis
1536 2734 1723 2793 hirtis,
1764 2735 1939 2802 gluma
1973 2735 2053 2784 in·

168 2797 374 2847 seriore
432 2805 926 2854 ovato-orbiculari
977 2807 1201 2855 cucullat
1269 2816 1573 2853 mucronata
1637 2804 1841 2871 spicula
1882 2804 2046 2870 triplo
2095 2830 2097 2833 ⁴

165 2864 415 2917 breviore
443 2907 453 2930 ,
493 2875 772 2938 superiore
805 2876 1103 2925 acuminato
1124 2906 1139 2914 —
1162 2886 1463 2924 mucronata
1487 2911 1500 2932 ‚
1557 2872 1766 2924 flosculi
1806 2875 2049 2924 neutrius

166 2935 371 2985 valvula
405 2940 666 2993 inferiore
704 2945 999 3002 breviseta,
1041 2946 1281 3010 caryopsi
1311 2955 1457 2993 ovata
1486 2956 1825 3004 mucronata,
1871 2943 2047 2994 culmo

163 3002 278 3052 basi
312 3023 533 3072 repente
576 3014 777 3080 vaginis
811 3015 1062 3083 foliisque
1094 3015 1287 3081 glabris
1326 3013 1592 3075 laevibus,
1635 3014 1789 3063 nodis
1817 3013 2046 3064 inferio-

163 3073 312 3123 ribus
344 3077 530 3141 hirtis‚
573 3083 731 3149 ligula
773 3085 1200 3135 ciliato-lacera.

305 3165 558 3216 Panicum
600 3171 828 3237 pictum,
870 3170 1038 3220 Boea.
1074 3171 1297 3237 Notmjj.
1342 3170 1422 3221 23.
1452 3189 1508 3238 ρ.
1547 3179 1661 3231 204.
1705 3169 1804 3233 (R.
1834 3180 1885 3221 et
1921 3169 2039 3220 Seh.

373 3232 424 3282 S.
467 3237 523 3285 V.
553 3237 625 3288 ΙΙ.
652 3258 708 3306 ρ.
741 3251 858 3304 477.
898 3243 996 3290 sub
1034 3238 1405 3289 Echinoclzloa
1440 3239 1739 3304 stagnina.)

297 3317 523 3371 Habitat
570 3326 621 3374 in
666 3326 822 3376 India
864 3327 1134 3378 orientali.
1181 3337 1257 3392 ἢ..
1335 3327 1489 3393 (Vidi
1527 3325 1790 3395 exempl„
1829 3346 1862 3376 α
1900 3324 2042 3377 Roe-

159 3388 305 3453 nigio
337 3392 525 3453 missa,
566 3396 617 3444 in
652 3395 815 3447 Hcrb.
849 3397 1090 3462 Selereb.)

300 3479 589 3534 Observ.
666 3489 764 3537 Est
794 3487 947 3556 quasi
990 3489 1213 3537 alterum
1241 3486 1496 3536 Panicum
1530 3485 1836 3550 oryzinum,
1872 3482 2038 3550 ligula

160 3544 336 3599 lacera
378 3553 713 3620 praeditum,
769 3574 965 3626 repens
991 3593 1004 3619 ,
1062 3557 1281 3625 spiculis
1314 3553 1568 3625 foliisque
1607 3569 1766 3621 saepe
1801 3568 2057 3621 purpura*
