2100 3882
180 152 285 205 290
703 144 1053 192 Gnanmssass.
1130 140 1534 190 An'rxfflrnonn.

179 315 342 359 trum
380 293 678 353 involucri
714 291 1060 372 spectans),
1131 289 1660 359 membranaceuS,
1718 288 2049 360 subulatus,

179 378 451 440 flosculis
499 375 730 442 minor,
790 373 1061 431 bissorus.
1147 371 1462 429 Flosculus
1514 369 1771 428 inferior
1822 368 2069 449 (cal'yci⁷

183 454 531 542 oppositus)
588 469 834 524 neuter,
902 454 1198 513 univalvis
1251 450 1485 530 (gluma
1534 451 1811 532 superior
1871 452 2050 530 vulgo
2099 485 2100 490 =

180 541 540 622 appellata),
586 536 1119 610 membranaceus5
1170 534 1448 613 superior
1496 533 2049 612 hcrmaphroditUS,

176 622 465 690 hivalviS,
529 620 884 677 chartaceus
936 640 1073 675 cum
1121 617 1320 673 fructu
1363 614 1782 672 indurescens,
1868 615 2053 672 Lodi-

179 704 351 763 eulae
389 700 608 759 nullae.
698 700 856 778 Styli
899 699 1032 756 basi
1087 697 1356 755 connati.
1445 697 1775 776 Caryopsis
1811 717 2052 754 mucro-

175 800 322 844 nata
356 782 613 842 flosculo
655 796 836 840 tccta.

337 882 842 941 Insloresccntia:
890 880 1075 958 Spica
1103 878 1375 957 simpch,
1421 899 1546 934 uon
1570 876 1915 948 articulata,
1962 877 2054 935 in-

175 965 440 1026 volucris
478 963 785 1022 solitariis,

316 1064 602 1115 Observ.
701 1061 976 1126 Oppressa
1040 1056 1250 1104 demum
1314 1054 1486 1122 gluma
1550 1055 1814 1106 inferiore
1881 1058 2054 1106 Cen·-

175 1135 528 1189 ebrorum,
568 1129 933 1198 peripheriam
985 1136 1297 1193 spectante,
1361 1124 1492 1174 istos
1549 1126 2054 1192 Anthephoras

172 1204 293 1255 fieri
340 1215 545 1253 certum
584 1213 681 1250 est.
770 1196 1231 1272 Quemadmodum
1283 1211 1406 1243 vero
1461 1213 1488 1242 a
1538 1197 1803 1245 Panico
1856 1212 2054 1263 genere

170 1274 466 1340 Paspalu
484 1290 534 1320 m
562 1287 883 1337 separamus,
924 1268 1029 1316 tale
1057 1266 1159 1315 hoc
1183 1281 1398 1332 quoque
1422 1266 1648 1316 seorsim
1681 1284 1707 1314 a
1741 1266 1962 1315 Cench
1980 1283 2052 1316 ro

172 1361 426 1410 ponamus
450 1379 462 1402 ,
502 1357 723 1391 necesse
758 1349 871 1398 est3
909 1364 975 1372 —-
1012 1336 1211 1393 verbo,
1252 1335 1507 1399 Paspalus
1544 1347 1625 1385 est
1664 1335 2052 1386 Cenchrorum.

168 1407 411 1481 Deponit
439 1412 543 1460 hoc
586 1412 746 1460 etiam
782 1419 923 1459 setas
963 1405 1265 1463 involucri,
1320 1404 1649 1454 Setariarum
1684 1406 1938 1474 vestigia,
1979 1418 2052 1467 et,

171 1484 334 1536 veluti
371 1481 582 1531 rhachis
617 1481 671 1528 in
712 1477 970 1544 Paspalo,
1014 1477 1090 1526 sic
1124 1476 1178 1523 in
1216 1484 1404 1523 nostro
1448 1475 2055 1544 involucrum-regulari

168 1554 329 1604 modo
359 1551 654 1612 excolitur,
712 1547 863 1597 floris
896 1546 1175 1596 circularis
1208 1556 1526 1595 structuram
1561 1546 1831 1603 imitatur,
1871 1564 2057 1596 nume-

168 1642 260 1673 rus
287 1623 516 1688 partium
562 1619 917 1682 (laciniarum)
948 1617 1192 1684 quinario
1238 1615 1458 1664 accedit.
1530 1617 1750 1683 Singula
1786 1615 2055 1666 involucri

170 1693 366 1743 lacinia
404 1709 548 1741 suam
596 1689 850 1755 spiculam
893 1687 1002 1735 fert
1040 1687 1102 1734 ad
1142 1686 1320 1747 basin,
1376 1704 1596 1752 quarum
1637 1698 1813 1735 tamen
1856 1703 2052 1752 paucae

169 1761 378 1829 (2—3)
417 1759 806 1829 perficiuntur,
846 1756 1177 1824 reliquarum
1215 1773 1324 1805 non
1360 1755 1465 1804 nisi
1509 1756 1719 1822 calyce,
1767 1772 1865 1806 ceu
1899 1775 2053 1825 squa-

168 1832 308 1882 mula
331 1869 346 1894 ,
383 1842 647 1880 manente.

307 1921 398 1970 Sic
435 1921 476 1969 P
495 1938 521 1968 a
534 1938 561 1968 r
576 1919 593 1967 i
608 1937 632 1968 a
648 1937 678 1967 n
696 1937 722 1967 a
740 1934 768 1965 e
785 1953 798 1978 ,
837 1913 1165 1965 nobilissimi
1190 1905 1518 1976 (irminam,
1558 1913 1901 1964 fundamenta
1919 1925 2055 1979 stru-5

168 2002 349 2041 untur.

303 2078 348 2128 A
367 2077 398 2126 d
413 2095 442 2128 v
457 2094 485 2127 e
501 2095 527 2126 r
545 2094 586 2126 s.
674 2077 716 2123 A
731 2092 762 2122 n
777 2085 797 2123 t
811 2072 847 2121 h
864 2088 892 2122 e
909 2090 941 2139 p
956 2072 992 2122 h
1011 2089 1041 2122 o
1059 2089 1088 2120 r
1104 2091 1129 2121 a
1148 2089 1176 2121 e
1226 2071 1495 2122 immerito
1563 2073 1695 2122 duae
1743 2073 2049 2123 tribuuntur

167 2148 376 2215 glumae
412 2147 550 2213 apud
596 2145 824 2204 multos,
877 2154 930 2191 et
971 2143 1089 2208 ipse
1126 2142 1489 2191 Belvisius
1526 2141 1582 2191 in
1618 2143 1722 2193 hoc
1761 2143 2077 2198 scribendo,

150 2216 398 2277 erravit,
438 2235 555 2266 cum
602 2214 803 2279 optime
847 2213 1111 2278 pinxisset
1151 2212 1205 2260 in
1242 2211 1417 2260 tabula
1451 2211 1486 2260 l.
1531 2228 1576 2261 c.
1630 2212 1887 2280 spiculam
1925 2223 2048 2263 An·

166 2288 231 2339 th
248 2305 276 2337 e
296 2286 424 2353 pho
442 2305 468 2335 r
487 2305 512 2335 a
531 2304 560 2335 e
613 2303 641 2334 e
660 2285 674 2332 l
693 2301 766 2351 eg
784 2282 986 2331 antis.
1078 2284 1243 2331 Forte
1263 2318 1275 2342 ,
1335 2298 1453 2330 cum
1494 2283 1752 2333 valvulam
1809 2294 2051 2332 neutram

167 2358 320 2406 multi
349 2356 576 2424 glumam
610 2355 832 2404 alteram
867 2352 1158 2411 dixissent,
1200 2351 1475 2419 biglumen
1503 2353 1726 2419 repetiit
1755 2353 2048 2420 imaginans

168 2427 429 2492 calycem,
467 2427 720 2493 additque
754 2440 875 2473 mox
900 2421 1112 2473 flosculi
1138 2421 1395 2483 neutrius,
1437 2439 1465 2471 a
1489 2440 1545 2472 se
1569 2423 1863 2486 observati,
1902 2440 2050 2473 men·

168 2508 390 2546 nonem.

307 2583 530 2652 Species
569 2579 901 2632 brasiliensis
936 2596 1055 2629 una.

617 2723 654 2762 l·
703 2723 1214 2762 ANTHEPHORA
1269 2723 1606 2761 VILLOSA.

308 2792 676 2864 Arinvolucri
719 2811 931 2860 laciniis
986 2808 1301 2860 acuminatis
1347 2810 1509 2862 dorso
1554 2809 1765 2861 inferne
1799 2808 2049 2872 dentatis,

170 2884 319 2935 foliis
354 2883 668 2950 vaginisque
700 2880 925 2933 villosis.

310 2970 655 3037 Anthephora
702 2970 922 3028 villosa,
975 2963 1096 3033 Spr.
1133 2964 1285 3015 Neue
1338 2961 1508 3015 Entd.
1558 2963 1671 3016 III.
1707 2985 1763 3033 p.
1811 2971 1888 3021 ι5.
1927 2964 2048 3017 Sch.

375 3038 564 3089 Mant.
604 3040 682 3086 II.
720 3056 779 3105 p.
819 3040 937 3087 282.

309 3127 582 3179 Cenchrus
620 3125 871 3184 villosus,
913 3121 1032 3191 Spr.
1065 3120 1118 3172 S.
1160 3120 1218 3173 V.
1251 3122 1296 3173 I.
1326 3140 1380 3190 p.
1414 3123 1534 3173 301.
1570 3142 1623 3173 n.
1661 3141 1708 3174 2.

230 3277 234 3280 ι
309 3212 534 3264 Habitat
566 3212 620 3261 in
653 3212 770 3260 udis
799 3210 957 3260 cultis
993 3210 1066 3259 ad
1080 3207 1302 3274 flumen
1335 3213 1386 3260 S.
1426 3209 1703 3262 Francisci
1721 3229 1893 3280 prope
1922 3210 2049 3265 Jou-

171 3285 329 3346 κεῖνο,
362 3281 677 3351 provinciae
701 3279 985 3329 Balziensis
1008 3289 1054 3329 et
1086 3278 1581 3336 Pernambucensis.
1648 3290 1706 3347 ρ)

304 3372 587 3424 observ.
673 3369 1013 3419 Involucrum
1067 3368 1343 3436 plerisque
1395 3370 1774 3439 quadrifidum,
1828 3367 2087 3418 sinubus«

168 3442 358 3504 nudis,
397 3440 606 3489 laciniis
645 3456 773 3490 vero
818 3440 882 3488 ad
928 3438 1079 3487 basin
1135 3439 1188 3487 in
1226 3439 1388 3488 dorso
1432 3441 1590 3490 dente
1633 3458 1739 3491 uno
1779 3439 1864 3488 vel
1903 3437 2048 3488 binis
2096 3451 2100 3483 ι

169 3513 336 3562 acutis
363 3510 561 3561 erectis
588 3508 865 3577 praeditis.
940 3508 1278 3573 Spicularum
1318 3509 1383 3558 ad
1434 3508 1669 3579 singulas
1696 3507 1916 3563 lacinias
1949 3524 2052 3576 pc·
2095 3528 2100 3552 ⁴

634 3687 665 3697 -s
