2100 3882
602 140 957 189 GRAMmEAss.
1029 141 1310 186 THRASYA.
1861 145 1929 196 95

68 288 631 355 elliptico-oblongus
656 322 668 345 ,
725 285 852 334 hinc
888 286 1105 352 planus,
1164 287 1291 337 inde
1339 302 1637 347 convexus,
1693 287 1932 350 obtusus,

64 360 403 417 chartaceus,
463 355 747 421 caryopsin
781 355 989 404 demum
1030 356 1290 423 obtegens
1343 357 1529 406 durior
1575 357 1776 420 factus3
1830 360 1934 408 val-

62 429 180 478 vula
232 427 460 476 inferior
509 427 659 491 apice
709 425 1244 490 strigoso-cristatag
1294 427 1542 493 superior
1592 427 1776 492 plana,
1817 427 1934 476 basi

59 498 315 565 genitalia
365 495 674 545 obvolvens,
749 493 1038 542 Lodiculae
1077 494 1336 555 lineares,
1391 497 1539 560 apice
1598 496 1931 559 rotundatae,

63 565 487 633 subspathulatae
513 603 524 622 ,
565 566 618 612 in
657 564 836 612 fructu
874 564 1231 625 lanceolatae,
1283 565 1620 630 majusculae.
1698 567 1932 616 Stamina

59 638 163 685 tria
202 648 257 684 ut
295 636 348 682 in
387 635 637 685 masculo.
711 636 945 683 Germen
971 634 1291 700 oblongum3
1332 636 1451 698 styli
1491 652 1571 696 2.‚
1609 634 1931 700 filisormes3

60 707 301 773 stigmata
341 721 620 770 purpurea.
696 704 889 751 Semen
928 703 1254 767 cllipticum,
1295 703 1561 754 obtusum.

199 790 424 840 Habitat
469 791 521 838 in
569 788 812 837 Brccsilia
857 789 1172 838 azzslralz'ori
1203 786 1444 852 (Sellow.
1506 792 1623 840 Vidi
1663 791 1717 840 in
1763 790 1932 844 Herb.

58 862 194 929 Reg.
235 859 448 919 Berol.)
490 888 557 896 -—
615 858 822 929 Ubique
865 859 918 908 in
972 859 1172 925 campis
1229 859 1412 909 siccis:
1457 862 1526 926 (α
1574 857 1933 930 Langsdorff

62 930 228 982 Herb.
264 930 442 979 Acad.
479 928 673 996 Imper.
716 926 985 997 Petropol.
1027 938 1075 978 et
1113 927 1293 990 Ἰνὶη.)

199 1019 484 1070 Observ.
561 1018 795 1082 Thrasya
835 1017 1200 1089 paspaloideS,
1238 1014 1306 1066 H.
1335 1026 1387 1066 et
1414 1015 1481 1068 Η.
1517 1017 1656 1069 Νου.
1710 1005 1842 1070 Gen.
1885 1029 1937 1069 et

63 1092 154 1157 Sp.
183 1087 262 1157 pl.
299 1086 376 1136 II.
419 1106 475 1154 p.
535 1104 643 1136 121.
684 1095 721 1135 t.
774 1087 857 1153 39.
900 1085 1106 1136 hunck.
1148 1084 1283 1154 Syn.
1333 1085 1379 1135 I.
1414 1106 1470 1155 p.
1523 1105 1634 1155 192.
1676 1117 1742 1126 —-
1788 1088 1858 1144 R..
1887 1098 1939 1140 et

64 1158 183 1208 sch.
217 1155 270 1208 S.
312 1158 366 1208 V.
398 1155 475 1207 II.
505 1176 563 1224 ρ.
593 1159 736 1217 802.)
775 1157 845 1207 ita
895 1157 1281 1207 describenda:

209 1247 358 1295 Thr.
398 1245 682 1312 paspalo
703 1245 716 1291 i
738 1244 814 1293 de
835 1263 889 1294 s:
928 1245 1164 1296 valvulae
1196 1243 1407 1296 flosculi
1448 1245 1669 1294 masculi
1713 1245 1940 1298 inferio-

60 1317 134 1366 ris
165 1317 371 1364 laciniis
412 1315 506 1364 sub
555 1315 706 1381 apice
740 1314 1001 1374 a1²istatiS‚
1055 1315 1230 1364 culmo
1267 1333 1514 1372 ramoso,
1554 1315 1703 1365 foliis
1741 1317 1937 1383 pubes-

65 1387 338 1445 centibus,
377 1384 560 1433 rhachi
594 1384 814 1450 spiculis
852 1385 1016 1434 multo
1041 1386 1219 1434 latiori
1244 1385 1433 1434 falcata
1456 1387 1693 1451 margine
1728 1387 1885 1436 nuda.

201 1472 405 1523 Differt
438 1492 463 1521 a
504 1472 810 1536 Thrasya
859 1472 1163 1522 hirsuta:
1202 1474 1370 1523 culmo
1421 1491 1633 1531 ramoso
1686 1472 1930 1533 flaccido,

68 1543 216 1592 foliis
276 1543 610 1609 longioribus
675 1542 989 1590 tenuissime
1056 1542 1471 1608 pubescentibus
1532 1561 1632 1593 nec
1684 1543 1941 1607 hirsutis,

64 1611 250 1662 rhachi
297 1630 403 1661 non
451 1611 881 1668 setoso-cibata,
936 1613 1156 1677 spiculis
1192 1613 1573 1662 remotioribus
1613 1615 1938 1680 angustiori-

64 1683 161 1731 bus
197 1682 468 1749 magisque
507 1681 759 1736 hirsutis,
799 1682 971 1748 gluma
1014 1682 1281 1747 superiori
1321 1680 1665 1732 flosculorum
1704 1684 1942 1752 longitu-

67 1752 192 1801 dine
238 1752 531 1800 lanceolata
581 1763 766 1809 acuta,
828 1752 1077 1801 inferiori
1128 1753 1510 1817 minutissima,
1567 1754 1786 1801 masculi
1839 1755 1942 1803 val-

62 1823 213 1873 vulae
255 1821 532 1870 inferioris
589 1820 799 1869 laciniis
847 1840 952 1869 non
1011 1823 1180 1870 solum
1232 1823 1383 1887 apice
1442 1822 1935 1885 cristato-ciliatis,

64 1892 157 1941 sed
190 1890 344 1940 etiam
381 1892 538 1940 arista
575 1890 725 1940 brevi
752 1892 900 1939 tenui
934 1893 1106 1958 patula
1157 1893 1448 1959 subapicali
1489 1893 1778 1958 praeditis,
1817 1893 1941 1943 her-

63 1960 397 2028 maphrodito
437 1961 677 2009 diandro.

206 2045 432 2097 Habitat
472 2048 524 2096 in
562 2045 912 2108 Panumana,
956 2046 1302 2098 Orinoccensi
1342 2046 1543 2098 insula.
1603 2048 1662 2099 V.
1693 2048 1745 2099 in
1771 2044 1940 2099 ‘Her-b.

80 2115 272 2170 Willd.

509 2276 573 2314 2..
602 2283 937 2317 THRASYA
1003 2282 1425 2318 CULTRATA.
1483 2274 1511 2324 ψ

205 2385 334 2433 Thr.
389 2386 621 2434 valvulae
673 2384 882 2434 flosculi
934 2388 1153 2434 masculi
1197 2379 1475 2434 inferioris
1528 2385 1740 2435 laciniis
1787 2389 1944 2437 muti-

70 2454 147 2503 cis
185 2455 334 2518 apice
367 2455 592 2520 glabris,
635 2455 807 2504 culmo
844 2456 1108 2519 simplici,
1150 2455 1298 2504 foliis
1329 2455 1485 2503 hirtis
1525 2458 1763 2525 margine
1797 2458 1943 2526 glan-

66 2523 295 2582 dulosis,
335 2523 516 2573 rhacbi
558 2525 774 2590 spiculis
819 2542 1001 2589 parum
1039 2525 1220 2573 latiori
1258 2535 1453 2572 erecta.

211 2611 461 2660 Panicum
498 2612 805 2671 culiratum,
856 2609 1004 2662 Tria.
1046 2609 1190 2660 Diss.
1237 2630 1291 2678 ρ.
1337 2621 1423 2672 44.

206 2699 418 2749 Culmus
447 2700 747 2764 tripedalis,
789 2699 899 2747 basi
925 2702 1163 2766 vaginata
1198 2700 1312 2749 fere
1336 2700 1579 2749 crassitie
1611 2716 1816 2766 pennae
1850 2718 1939 2749 an·

68 2769 305 2828 serinae,
348 2781 582 2828 erectus,
624 2769 876 2833 simplex,
920 2770 1296 2837 quadi-inodis,
1339 2771 1433 2819 sub
1460 2771 1604 2835 spica
1640 2787 1742 2818 non
1776 2770 1940 2834 longo

68 2839 240 2903 spatio
267 2838 434 2885 nudus
464 2849 515 2885 et
550 2838 746 2886 ibidem
786 2840 1112 2902 pubescens,
1170 2851 1227 2887 ut
1277 2850 1444 2888 toturn
1477 2857 1690 2907 gramen
1733 2839 1942 2890 viridis.

65 2908 300 2974 Vaginae
343 2907 660 2955 internodiis
696 2908 964 2974 longiores
990 2946 1001 2966 ,
1042 2908 1421 2968 arctiusculae,
1474 2910 1724 2965 striatae,
1790 2925 1943 2974 aspe-

65 2978 356 3032 riusculae,
397 2988 513 3033 aut,
564 2978 880 3041 praesertim
919 2995 1147 3042 superne
1188 2988 1238 3026 et
1278 2979 1635 3044 marginibus,
1692 2978 1805 3042 plus
1844 2978 1943 3024 mi-

66 3064 164 3094 nus
211 3045 398 3094 hirtae.
484 3045 670 3111 Ligula
717 3045 1145 3102 membranacea,
1206 3047 1572 3106 semiluna1·iS‚
1633 3047 1772 3094 linea
1822 3047 1944 3095 bre-

68 3114 217 3174 vior,
256 3113 416 3163 dorso
454 3115 577 3179 pilis
616 3115 806 3181 rigidis
840 3117 1046 3180 stipata.
1122 3116 1274 3165 Folia
1323 3116 1647 3165 dodrantalia
1674 3152 1686 3174 ,
1735 3116 1941 3164 culmea

73 3183 421 3246 spithamaea‚
475 3201 677 3232 summo
724 3185 1068 3243 brevissimo,
1124 3186 1175 3232 in
1216 3185 1390 3234 medio
1430 3187 1598 3234 lineas
1635 3186 1668 3234 5
1705 3184 1840 3244 lata,
1882 3185 1949 3231 li-

68 3252 580 3314 nean-lanceolata,
622 3254 941 3309 acuminata,
982 3255 1250 3319 margine,
1293 3256 1612 3320 praesertim
1639 3254 1791 3302 basin
1823 3270 1944 3302 ver·

71 3337 190 3379 sus,
231 3322 526 3380 crenulata,
566 3320 801 3383 firmula,
840 3323 956 3387 plus
998 3323 1167 3371 minus
1205 3323 1375 3382 hirta,
1435 3324 1574 3372 circa
1626 3323 1775 3370 basin
1830 3322 1940 3369 hir-

73 3400 205 3438 suta.
279 3389 434 3454 Spica
467 3391 795 3449 terminalis,
846 3392 1214 3456 semipedalis,
1260 3405 1471 3453 erecta3
1528 3391 1740 3440 rhachis
1780 3390 1945 3440 dorso

71 3473 334 3516 convexa,
386 3460 620 3522 margine
657 3460 865 3526 glabra,
933 3461 1071 3509 intus
1123 3476 1387 3522 concava,
1446 3463 1586 3510 linea
1645 3458 1942 3525 angustior.

70 3526 317 3592 Spiculae
343 3529 610 3591 geminae,
652 3529 984 3590 subsessiles‚
1026 3529 1434 3581 suhimbricatae
1457 3567 1470 3592 ,
1511 3539 1752 3596 patentes
1779 3527 1842 3577 ad
1863 3529 1944 3577 in-
