2100 3882
702 188 1054 242 GnAmmmn.
1125 190 1319 245 Vara.
1837 194 1942 250 395

81 337 310 388 inferior
347 337 504 403 paulo
547 336 762 404 longior
795 337 1108 403 superiore,
1148 339 1409 408 apiceque
1444 339 1611 407 magis
1659 351 1948 402 contracta,

81 408 290 474 integra
323 408 535 474 quidem
559 443 571 466 ,
615 407 709 456 sed
748 408 898 472 apice
940 407 1058 472 ipso
1088 408 1440 459 minutissime
1471 409 1795 460 denticulato
1829 408 1946 459 fim-

82 477 290 537 briato,
347 475 648 535 uninervis‚
709 493 876 525 nervo
928 476 1135 542 apicem
1183 495 1366 528 versus
1422 479 1640 541 scabro;
1696 479 1945 546 superior

82 546 242 595 dorso
286 546 654 604 canaliculata,
705 542 973 603 binervis,
1027 545 1178 610 apice
1217 548 1568 613 emarginata,
1618 549 1827 598 demum
1862 548 1946 597 in-

79 616 192 664 ciso
213 613 588 662 ·denticulata.
662 613 952 663 Filamenta
977 613 1079 663 duo
1110 625 1310 664 tantum
1338 616 1463 665 vidi.
1539 619 1671 683 St'yli
1700 618 1801 668 duo
1826 617 1945 667 basi

79 683 283 749 juncti3
323 683 561 748 stigmata
595 682 849 750 oblonga,
890 683 1096 741 ciliata,
1137 687 1590 750 purpurascentia.
1664 685 1947 754 Caryopsis

86 752 400 811 aurantiaca,
441 752 623 812 laevis,
664 752 977 812 subcubica‚
1017 751 1167 818 apice
1205 766 1384 803 retusa
1406 755 1645 823 styloque
1675 757 1947 824 papillatu-

220 841 286 887 In
329 836 500 905 sylvis
543 837 681 887 inter
725 836 1185 904 Sebastlanopolln
1235 848 1287 888 et
1334 837 1666 908 Soter-cpolin
1719 843 1945 911 provin·

80 908 194 958 ciae
222 907 327 956 Rio
356 907 420 955 cle
446 907 662 957 Janeiro
701 917 749 957 et
779 907 1066 957 Balzietzsis
1097 905 1319 972 (Allart.)
1335 928 1358 975 5
1410 909 1465 959 in
1513 913 1678 962 muris
1725 912 1948 965 vetustis

78 978 151 1027 ad
184 975 660 1044 Sebastianopolin.
735 977 988 1042 (Raddi.)
1052 983 1109 1041 (e)

221 1064 511 1115 Observ.
585 1066 834 1116 Proxima
876 1078 959 1116 est
1005 1065 1234 1118 Vilfae
1283 1069 1740 1132 atrovirenti,
1796 1070 1870 1126 H.
1897 1083 1950 1124 et

82 1131 150 1184 R.
187 1132 326 1183 Νου.
363 1132 425 1182 G.
466 1143 515 1182 et
546 1132 634 1202 Sp.
663 1133 708 1183 I.
741 1153 796 1202 ρ.
834 1136 978 1196 ι38.,
1018 1135 1111 1184 sed
1143 1135 1327 1186 differt
1366 1138 1467 1186 ista
1511 1140 1659 1189 caule
1691 1143 1945 1209 simplici,

82 1203 274 1271 glumis
314 1203 719 1271 subaequalibus
759 1207 956 1267 acutis;
1009 1216 1186 1254 tacent
1224 1207 1379 1256 etiam
1410 1208 1683 1258 minutiem
1722 1213 1950 1278 spicula.

82 1291 200 1321 rum
258 1273 359 1324 viri
422 1274 781 1323 celeberrimi.
832 1302 900 1311 —
962 1275 1392 1342 Colpodium
1447 1293 1951 1344 compressum,

90 1338 274 1402 Tria„
313 1343 428 1408 Spr.
472 1342 541 1392 N.
573 1342 737 1391 Entcl.
783 1341 859 1392 II.
895 1361 950 1410 p.
984 1345 1065 1393 58.
1093 1380 1104 1402 ,
1163 1345 1305 1412 quod
1344 1363 1409 1394 ex
1451 1348 1697 1397 America
1742 1349 1954 1401 boreali

85 1412 297 1462 allatum
326 1412 611 1479 descripsit
641 1414 720 1463 vir
746 1414 1227 1478 praestantissimus
1248 1451 1261 1475 ‚
1309 1415 1476 1482 magis
1507 1417 1665 1465 etiam
1695 1419 1956 1471 accedere

81 1481 329 1540 videtur,
400 1482 704 1548 discrepare
751 1495 926 1531 tamen
993 1483 1305 1545 altitudine,
1376 1486 1721 1553 glaucedine,
1760 1489 1950 1540 rhachi

85 1551 429 1617 pubescente,
468 1552 643 1620 gluma
675 1552 935 1602 inferiore
968 1553 1123 1618 paulo
1149 1589 1162 1615 ,
1201 1571 1376 1623 neque
1419 1554 1610 1622 duplo,
1649 1558 1921 1612 breviore.

642 1689 683 1730 5.
723 1696 943 1733 VILFA
986 1698 1317 1735 ARGUTA.
1364 1687 1396 1740 †

225 1809 290 1861 V.
319 1806 564 1874 panicula
599 1818 777 1857 erecta
796 1844 808 1867 ‚
864 1808 1024 1857 ramis
1063 1810 1498 1860 subverticillatis
1528 1811 1780 1862 brevibus
1809 1828 1958 1866 race-

86 1877 699 1943 moso-subcompositis
733 1877 951 1941 patulis,
994 1879 1213 1944 spiculis
1251 1881 1418 1929 ovatis
1450 1881 1720 1942 laevibus,
1781 1882 1959 1949 gluma

86 1948 349 1998 inferiore
373 1947 584 1997 valvulis
615 1947 906 2013 quadruplo
933 1949 1203 2009 breviore,
1245 1951 1526 2016 superiore
1561 1968 1648 2000 eas
1680 1965 1955 2019 aequante,

88 2018 260 2068 culmo
290 2017 644 2065 adscendente
675 2017 935 2082 simplici,
976 2017 1123 2067 foliis
1165 2020 1336 2085 planis
1377 2019 1672 2069 subciliatis
1717 2023 1957 2090 margine

89 2087 757 2152 cartilagineo-serrulatis
792 2086 1013 2152 glaucis,
1048 2089 1248 2155 vaginis
1279 2090 1517 2157 margine
1551 2089 1777 2140 villosis.

226 2174 483 2227 Variat:
531 2193 577 2222 οι.
625 2173 870 2240 panicula
912 2174 1204 2226 lanceolata
1257 2176 1452 2239 viridi,
1511 2178 1798 2245 pedicellis
1834 2178 1960 2231 bre·

90 2243 369 2306 vioribu53

228 2339 274 2385 β.
309 2330 549 2396 panicula
572 2330 763 2381 latiore
794 2331 961 2399 magis
989 2342 1202 2397 patente
1227 2345 1648 2400 purpurascente
1671 2372 1684 2397 ,
1722 2334 1960 2402 pedicel·

93 2400 159 2450 lis
197 2400 561 2468 longiusculis.

230 2489 460 2539 Gramen
499 2486 636 2536 facie
668 2489 848 2537 Poae
887 2505 1164 2537 annuae.
1237 2487 1408 2538 Radix
1448 2489 1766 2556 simpliciter
1792 2490 1960 2543 ‘ibril-

89 2555 218 2606 losa.
293 2557 465 2607 Culmi
511 2557 691 2622 plures
731 2575 792 2606 ex
832 2577 931 2606 una
962 2557 1172 2616 radice,
1215 2558 1368 2622 {-—1
1412 2560 1601 2623 pedem
1639 2562 1763 2619 alti,
1821 2578 1961 2612 cras·

90 2627 213 2676 sitie
256 2625 333 2675 fili
378 2626 729 2692 emporetici,
768 2627 882 2676 basi
919 2626 1332 2688 decumbentes,
1389 2627 1513 2677 dein
1550 2629 1953 2692 adscendentes,

90 2695 395 2761 simplices,
436 2696 639 2755 laeveS‚
679 2696 792 2744 basi
825 2697 1186 2755 teretiusculi,
1239 2715 1465 2763 superne
1495 2700 1819 2765 compressi,
1857 2702 1957 2752 tri-

89 2766 289 2824 nodes,
327 2765 613 2830 simplices.
686 2767 921 2833 Vaginae
959 2766 1278 2815 internodiis
1326 2766 1647 2829 breviores,
1702 2772 1953 2821 convolu-

90 2845 209 2895 tae,
260 2835 507 2895 striatae,
563 2834 800 2900 glabrae,
854 2836 1021 2884 altero
1056 2835 1293 2900 margine
1324 2836 1449 2902 pilis
1489 2838 1621 2886 albis
1652 2854 1679 2885 e
1712 2839 1960 2890 tubercu-

93 2903 161 2952 lis
191 2904 486 2953 orientibus
517 2904 752 2966 ciliatae,
800 2905 937 2954 collo
966 2904 1325 2954 subbarbatae.
1411 2906 1621 2973 Ligula.
1641 2907 1822 2958 brevis
1845 2945 1859 2968 ,
1906 2911 1961 2960 in

96 2972 220 3021 cilia
247 2973 408 3022 densa
440 2973 624 3022 soluta.
697 2974 849 3023 Folia
881 2972 1382 3039 2--3-pollicaria,
1423 2976 1804 3044 sesquilineam
1835 2978 1956 3042 lata,

97 3053 305 3102 erecta,
346 3043 532 3107 plana,
572 3044 820 3102 linearia,
860 3044 1183 3103 acuminata,
1231 3044 1444 3100 mollia,
1503 3047 1718 3113 glauca,
1777 3048 1959 3099 subtus

101 3111 284 3158 striata
312 3124 364 3161 et
390 3111 596 3177 glabra,
652 3130 808 3178 supra
843 3113 1055 3174 scabra,
1106 3125 1157 3161 et
1197 3112 1247 3160 in
1287 3113 1483 3176 ambitu
1524 3115 1651 3181 pilis
1690 3118 1960 3167 nonnullis

99 3180 296 3228 erectis
331 3198 359 3229 e
405 3180 696 3231 tuberculis
735 3182 1070 3232 nascentibus
1109 3183 1377 3246 inspersa,
1430 3185 1668 3250 margine
1700 3187 1962 3253 cartilagi-

99 3263 202 3297 neo
243 3260 426 3314 argute
473 3251 908 3302 serrato-ciliato
946 3252 1271 3301 scaberrimo
1313 3253 1502 3302 cincta.
1587 3254 1836 3304 Panicula
1873 3273 1964 3304 ex-

101 3326 242 3365 serta
270 3351 283 3375 ,
322 3316 352 3366 3
373 3328 478 3368 —4
515 3321 739 3384 pollices
765 3321 952 3388 longa,
994 3320 1046 3369 in
1078 3339 1183 3369 var.
1216 3341 1260 3369 x.
1299 3321 1414 3370 basi
1446 3323 1532 3371 vix
1566 3322 1818 3387 pollicem
1842 3324 1960 3383 lata,

100 3396 311 3444 erecta,
364 3389 890 3452 ovato-lanceolata,
942 3390 997 3438 in
1035 3407 1146 3440 var.
1178 3397 1227 3442 β.
1270 3402 1456 3457 patens
1500 3403 1665 3441 ovata.
1738 3391 1966 3443 Rhachis

101 3471 331 3520 superne
370 3453 563 3504 sulcata
585 3492 597 3515 ,
636 3470 781 3507 recta
815 3458 996 3508 laevis.
1069 3458 1222 3508 Rami
1251 3477 1350 3525 per
1383 3460 1653 3509 intervalla
1697 3460 1960 3510 subverti-

104 3523 320 3574 cillatim
348 3526 700 3592 approximati
719 3563 732 3589 ,
769 3524 800 3594 {-
829 3527 1045 3595 pollicis
1075 3526 1139 3578 ad
1165 3545 1322 3577 unum
1347 3528 1599 3595 pollicem
1630 3529 1805 3597 longi,
1844 3547 1962 3600 gra-
