2100 3882
150 131 253 184 560
341 127 692 176 Gnammmn.
788 120 1500 173 Osssnnvnxoenoromca
1537 139 1607 172 m·
1645 134 2015 175 OECONoch.‘
2051 159 2058 160 ff

132 277 248 326 alba
284 276 363 325 sic
401 275 539 323 dicta
577 290 606 323 e
644 272 889 323 Carolina
926 269 1140 320 inducta
1177 281 1292 330 est,
1344 271 1655 320 commercii
1704 289 1795 321 arx
1824 275 1998 341 'quasi

130 346 252 395 fieri
303 345 560 409 incoepit.
633 345 898 390 Trecenta
951 341 1094 388 enim
1140 340 1304 389 millia
1356 341 1705 390 modiolorum
1742 340 1997 408 (AlqueI-

130 419 238 474 res)
279 415 486 479 Oryzae
526 411 781 460 folliculis
821 409 1097 459 mundatae
1132 427 1329 459 annuae
1369 410 1758 476 exportationis
1798 430 2002 462 summa

124 485 312 534 haberi
362 492 599 548 possunt.
675 481 991 529 Provinciae
1042 479 1094 528 S.
1133 480 1286 527 Pauli
1326 491 1379 527 et
1420 482 1472 528 S.
1513 479 1822 529 Catharinae
1859 499 1991 548 quo-

128 572 233 623 que
289 553 431 601 circa
478 549 754 616 octoginta
807 549 888 597 vel
927 560 1137 597 centum
1187 549 1350 597 millia
1390 549 1670 617 Alqueires
1710 552 1994 616 quotannis

128 632 429 688 exportant.
503 623 746 686 Magnam
797 619 1109 666 varietatum
1161 619 1393 684 copiam,
1436 635 1570 686 quae
1622 620 1998 684 magnitudine,

126 694 336 748 colore,
392 690 694 756 duritieque
728 706 1009 755 granorum
1049 688 1203 738 sicuti
1240 689 1533 752 glumarum
1567 687 1757 737 formis
1799 701 1851 737 et
1892 690 1997 738 ari-

125 774 323 811 starum
364 758 666 826 pracsentia
718 759 799 807 vel
840 758 1078 806 absentia
1122 756 1549 822 distinguuntur,
1616 758 1668 806 in
1722 758 1846 807 Asia
1888 760 1997 809 coli

124 842 364 890 constat3
403 845 624 897 quarum
659 829 710 875 in
745 828 970 876 Brasilia
1012 827 1291 890 pauciores
1336 828 1584 891 cognitae
1632 838 1786 886 sunt,
1826 829 1996 876 nomi-

123 900 396 967 natimque
430 899 589 947 rubra
620 896 828 960 (Art-oz
865 894 1133 944 vermellzo
1171 895 1254 944 vel
1291 894 1362 942 da
1400 893 1595 957 Terra)
1630 907 1682 945 et
1718 897 1832 945 alba
1864 897 1997 956 (Ar-

117 988 211 1018 roz
248 969 473 1028 branco)
510 978 774 1016 notantur.
847 967 990 1014 Illius
1031 983 1192 1032 grana
1225 964 1437 1013 duriora
1477 966 1532 1013 in
1573 967 1855 1033 coquendo
1888 985 1992 1016 ma-

120 1041 203 1106 gis
236 1038 595 1089 intumescunt
628 1048 783 1105 atque
822 1053 1065 1101 saporem
1098 1035 1382 1084 admixtum
1412 1036 1776 1083 subausterum
1799 1037 1992 1086 incolis

115 1120 320 1176 gratum
350 1108 558 1164 habent,
601 1107 721 1154 dum
739 1107 882 1154 albae
910 1123 1067 1171 grana
1084 1103 1405 1152 farinosiora
1434 1115 1487 1153 et
1516 1104 1830 1169 insipidiora
1855 1117 1990 1156 sunt.

255 1182 308 1226 ln
347 1179 467 1226 Asia
501 1188 553 1225 et
582 1179 826 1241 Europa,
868 1175 958 1222 ubi
991 1175 1212 1223 densior
1237 1173 1510 1222 hominum
1549 1174 1828 1223 multitudo
1873 1176 1990 1224 lon-

112 1248 344 1316 giorque
378 1260 591 1296 naturae
624 1246 815 1295 notitia
852 1260 1080 1310 ususque
1127 1243 1363 1293 oinnium
1396 1244 1689 1309 plantarum
1726 1245 1986 1295 culturam

115 1317 356 1367 correxit
392 1327 550 1384 atque
597 1315 927 1372 emendavit,
983 1315 1200 1377 Oryza
1258 1330 1473 1381 quoque
1522 1313 1747 1361 sativa
1799 1313 1984 1378 majori

117 1387 248 1435 artis
290 1399 461 1435 sumtu
494 1396 744 1434 tractatur
769 1401 922 1451 quam
963 1384 1016 1431 in
1058 1383 1301 1433 Brasilia.
1390 1384 1492 1433 Hic
1531 1399 1704 1450 neque
1745 1384 1983 1449 pulvina-

115 1456 254 1505 rium
278 1473 546 1513 arearum,
586 1455 716 1503 alius
747 1455 913 1520 super
947 1453 1132 1510 aliam,
1178 1453 1446 1501 institutio
1497 1457 1673 1521 neque
1725 1454 1810 1501 illa
1854 1454 1979 1502 irri-

115 1527 262 1593 gatio
295 1523 615 1582 artificiosa,
669 1541 803 1591 quae
842 1541 1026 1590 aquam
1064 1522 1267 1590 aliqu‘ot
1312 1523 1535 1588 pollices
1579 1540 1733 1587 supra
1783 1524 1986 1588 plantas

114 1592 421 1644 diffundere
469 1591 862 1653 solet,‘donec
921 1592 1122 1640 semina
1181 1592 1489 1649 formarint,
1558 1609 1731 1660 neque
1774 1594 1985 1642 demum

113 1666 389 1714 translatio
417 1664 615 1730 segetis
649 1675 806 1713 notae
848 1675 1002 1720 sunt3
1044 1661 1136 1711 sed
1165 1679 1251 1710 res
1276 1664 1452 1728 agitur
1484 1661 1797 1726 simplicius.
1852 1665 1983 1712 Nam

114 1735 315 1802 pingue
346 1747 398 1783 et
428 1734 628 1781 humile
668 1735 835 1782 solum
876 1733 1096 1798 eligitur
1124 1732 1283 1780 modo
1317 1731 1368 1779 id
1391 1768 1403 1789 ,
1445 1732 1622 1799 quod,
1678 1732 1834 1797 sylvis
1876 1735 1985 1797 pri-

113 1805 312 1853 maevis
347 1804 654 1870 exstirpatis
692 1814 901 1869 partum
940 1812 1052 1860 est,
1103 1812 1156 1849 et
1188 1814 1296 1849 tum
1330 1801 1541 1868 quidem
1575 1801 1889 1867 praesertim
1909 1804 1985 1850 in-

112 1872 267 1923 fimae
304 1874 491 1934 valles,
533 1874 689 1922 modo
731 1872 1085 1938 primigeniae
1120 1871 1338 1937 paludes
1371 1871 1450 1918 vel
1480 1881 1659 1936 prata,
1713 1888 1847 1938 quae
1888 1874 1985 1921 eli·

107 1959 235 1993 cum
268 1961 370 2009 ope
398 1944 573 2011 aliqua
602 1961 668 1991 ex
700 1947 851 2008 parte
883 1942 1104 1999 siccata,
1158 1940 1458 2006 exstirpatis
1502 1940 1680 2007 ligone
1728 1943 1981 2008 gramini-

114 2013 213 2062 bus
261 2028 321 2061 ao
369 2012 488 2061 aliis
539 2012 810 2060 radicibus
853 2012 1240 2077 combustoque
1284 2010 1445 2058 foeno
1488 2009 1715 2059 sementi
1761 2027 1979 2075 praepa·

115 2094 227 2131 rata
253 2093 389 2130 sunt.
462 2084 521 2129 In
547 2080 952 2146 Maragnanensi
986 2080 1258 2145 provincia
1287 2079 1550 2144 imprimis
1575 2090 1822 2129 recentes
1853 2081 1979 2129 vali-

114 2151 278 2219 dique
310 2152 595 2216 sylvestres
630 2150 809 2210 fundi,
849 2141 903 2197 sn
943 2149 1133 2217 quibus
1161 2160 1249 2196 aut
1284 2149 1458 2197 nullae
1493 2159 1580 2197 aut
1606 2165 1803 2214 paucae
1830 2150 1979 2200 inve-

111 2222 333 2269 niuntur
359 2222 592 2286 palmae,
649 2221 775 2286 eligi
795 2219 996 2268 solent.
1068 2223 1285 2268 ineunte
1319 2231 1563 2283 tempore
1600 2219 1781 2285 pluvio
1813 2219 1978 2268 simili

112 2291 268 2341 modo
290 2327 302 2350 ,
343 2308 499 2358 quem
531 2308 688 2355 supra
722 2292 775 2337 in
808 2289 1010 2353 Maydis
1055 2289 1374 2337 tractatione
1408 2289 1841 2347 memoravimus,
1894 2306 1978 2338 se-

109 2361 279 2421 ritur3
317 2360 418 2409 hoc
455 2377 612 2409 unum
641 2361 897 2416 interest,
937 2359 1082 2426 quod
1113 2360 1162 2406 in
1194 2377 1345 2406 unam
1374 2358 1616 2407 scrobem
1647 2358 1796 2424 plura
1818 2376 1976 2424 grana

106 2429 208 2495 jaci
260 2432 451 2479 solent.
549 2432 606 2478 Iu
666 2429 982 2495 regionibus
1032 2427 1470 2477 meridionalibus
1523 2438 1728 2494 septem
1784 2440 1973 2478 octove

106 2516 266 2566 grana
313 2500 481 2549 cuivis
512 2499 811 2555 foramini,
866 2499 921 2546 in
963 2500 1282 2565 Maragnano
1328 2508 1533 2556 autem,
1585 2497 1674 2545 ubi
1718 2498 1972 2547 sementis

106 2569 159 2616 in
184 2570 492 2618 Januarium
531 2586 696 2636 usque
738 2568 931 2633 Majum
978 2585 1189 2616 menses
1240 2567 1464 2622 incidit,
1519 2567 1620 2614 tria
1661 2567 1819 2616 modo
1856 2567 1973 2632 inji-

103 2638 334 2687 ciuntur.
421 2640 477 2687 Si
517 2639 714 2687 imbres
759 2655 865 2686 non
917 2637 1093 2687 subito
1125 2638 1356 2685 >omnino
1409 2634 1664 2685 deficiunt
1720 2647 1970 2705 terraque

103 2708 400 2768 exarescit,
455 2709 600 2775 quod
631 2719 802 2756 tamen
836 2708 887 2755 in
929 2706 1241 2773 regionibus
1280 2706 1487 2770 Oryzae
1517 2706 1772 2755 colendae
1807 2705 1969 2755 desti-

101 2777 236 2826 natis
269 2776 434 2827 multo
467 2778 637 2825 rarius
669 2777 849 2826 evenit
879 2794 1032 2844 quam
1060 2777 1112 2824 in
1139 2775 1323 2839 Mayde
1356 2775 1596 2834 consitis,
1636 2775 1793 2824 culmi
1818 2776 1969 2825 brevi

100 2857 447 2904 enascuntur,
489 2858 543 2896 et
573 2865 700 2914 ager
733 2846 900 2895 denso
928 2846 1101 2895 bonae
1134 2846 1332 2913 segetis
1369 2846 1536 2911 tapeti
1563 2845 1778 2912 tegitur.
1833 2846 1966 2903 Sunt

98 2914 306 2972 coloni,
359 2916 451 2984 qui
487 2917 693 2966 interea
736 2917 809 2964 nil
853 2932 1049 2982 operae
1086 2915 1353 2979 Oryzae
1393 2914 1594 2963 satibus
1636 2914 1962 2980 impendant,

98 2983 190 3034 alii
221 3000 383 3045 vero,
442 2986 534 3052 qui
565 2986 797 3036 secundo
831 3002 1011 3035 mense
1043 2984 1526 3033 herbis‘inulilibus
1567 2999 1679 3032 eam
1720 2996 1960 3050 purgent.

97 3053 340 3128 Quatuor
366 3054 636 3105 mensibus
678 3057 838 3119 lapsis
864 3071 990 3122 ager
1015 3051 1280 3112 flavescit,
1320 3054 1499 3120 itaque
1532 3069 1819 3118 granorum
1854 3072 1959 3102 ma-
2001 3092 2011 3102 Ι

94 3123 367 3173 turitatem
403 3123 633 3181 indicat,
684 3142 819 3193 quae
860 3136 1062 3173 metere
1110 3125 1271 3171 inulto
1310 3122 1476 3186 major
1514 3138 1677 3186 opera
1716 3138 1776 3170 ac
1809 3122 1960 3172 labor

93 3202 189 3241 est.
278 3194 335 3241 In
392 3193 685 3259 provinciis
734 3193 1171 3242 meridionalibus
1218 3192 1468 3240 sementis
1523 3190 1959 3258 quinquaginties
2022 3223 2024 3225 >

90 3272 179 3311 aut
205 3261 554 3329 sexaginties,
595 3279 778 3311 verum
815 3263 869 3310 in
905 3261 1427 3328 septentrionalibuS,
1463 3260 1598 3309 utin
1633 3257 1954 3314 Marutzha'o

91 3325 342 3380 ethara'
391 3329 664 3380 ducenties
716 3331 797 3381 vel
842 3331 1134 3380 trecenties
1180 3329 1333 3378 reddi
1372 3330 1585 3378 dicitur.
1673 3330 1754 3379 Ad
1801 3347 1959 3398 quem

86 3396 247 3449 finem
272 3400 413 3450 servi
441 3400 670 3468 nigritae
711 3419 815 3450 non
841 3402 1083 3467 integros
1118 3399 1320 3448 culmos
1362 3398 1664 3458 abscidunt,
1699 3399 1812 3448 sed
1844 3411 1988 3449 tan-1

84 3467 352 3522 tummo‘do
381 3469 586 3537 spicas,
627 3487 753 3538 quas
790 3470 1022 3519 sinistris
1066 3468 1476 3536 comprehensas
1509 3479 1595 3517 aut
1638 3468 1693 3516 in
1724 3467 1988 3537 subliga·':
