2100 3882
63 97 415 148 Gnammmu.
497 93 851 144 Onsmwmo
890 108 1198 144 Gnoromca
1236 109 1306 143 m*
1345 109 1716 145 oeconomicA.
1803 101 1908 154 559

194 246 308 292 Nec
345 253 424 291 est
462 242 689 290 alienum
725 240 927 303 Maydis
964 240 1199 300 farinae,
1236 241 1505 291 triticinae
1542 245 1916 308 commisceri3

55 325 167 362 tum
215 314 355 361 enim
401 311 465 359 ad
513 326 722 359 omnem
771 321 982 359 nostrae
1030 311 1231 359 farinae
1282 313 1610 376 parationem
1659 326 1775 379 apta
1814 328 1911 365 est.

58 386 231 450 Atque
283 383 417 428 Zeae
467 380 634 426 farina
684 378 790 426 illis
840 380 893 425 in
946 380 1258 446 regionibus
1297 381 1604 430 salubritate
1642 399 1913 433 commen-

54 453 206 500 datur
240 449 582 506 hominibus,
626 447 718 512 qui
768 448 926 494 vitam
974 466 1187 514 semper
1234 461 1393 514 agunt
1442 451 1714 501 duriorem
1761 455 1912 519 equi-

56 521 246 578 tando,
312 517 550 566 venando
609 516 946 582 pecudesque
996 517 1320 583 laqueand03
1384 537 1537 586 quam
1585 520 1653 570 ob
1705 537 1914 571 causam

58 601 321 655 tamquam
375 585 666 635 communis
715 585 863 648 panis
912 585 963 632 in
1015 604 1166 634 usum
1214 599 1395 636 vocata
1433 589 1627 638 siccata
1665 591 1824 639 etiam
1861 592 1918 640 in

58 657 290 708 corbulis
328 655 548 720 dapibus
585 654 888 719 opponitur.
962 656 1160 706 Verum
1199 656 1544 721 mulieribus,
1581 660 1740 708 vitam
1777 678 1917 708 sum-

57 742 275 793 mopere
310 725 535 772 inertem
564 722 999 789 transigentibus,
1037 723 1107 772 ob
1146 725 1361 788 glutinis
1400 726 1662 776 defectum
1700 728 1922 778 difficil-

56 797 159 845 lius
194 793 601 861 concoquenda,
654 794 826 841 minus
863 793 1044 840 utilior
1079 793 1320 855 videtur3
1368 812 1465 844 nec
1507 798 1648 857 scio,
1690 816 1753 847 an
1789 799 1920 848 haec

60 867 115 914 in
151 864 337 929 primis
376 862 695 911 numeranda
733 863 802 910 sit
837 861 1039 920 causis,
1092 864 1235 929 quod
1272 864 1404 912 istae
1443 866 1694 917 mulieres
1733 868 1924 917 simili-

63 946 148 984 ter
182 943 342 999 atque
389 933 623 981 turcicae
662 931 855 980 eximie
894 947 1052 996 saepe
1100 932 1460 998 pinguescant.

200 1004 394 1060 Pctus,
451 1002 540 1068 qui
593 1017 620 1048 e
674 1001 876 1064 Maydis
927 1001 1106 1065 granis
1153 1000 1216 1048 ab
1267 1002 1709 1055 autochthonibus
1745 1005 1925 1055 Brasi-

59 1072 162 1120 liae
200 1070 628 1120 fastidiosissime
675 1087 1053 1136 saepenumero
1091 1081 1306 1136 paratur
1374 1074 1764 1131 (mandentibus
1803 1092 1925 1142 gra-

61 1158 252 1190 norum
287 1152 491 1205 partem
528 1139 745 1196 vetulis,
801 1157 1021 1203 quarum
1074 1141 1230 1188 saliva
1266 1139 1586 1191 fermentum
1625 1161 1722 1208 pro
1762 1144 1922 1194 deco-

61 1222 186 1268 cto,
229 1225 292 1256 ex
328 1210 549 1276 reliquis
587 1209 762 1275 granis
799 1221 981 1274 partO,
1021 1212 1389 1277 assequantur)
1440 1211 1575 1276 apud
1614 1207 1919 1263 omneszfe«

61 1297 146 1328 ras
183 1279 435 1328 Brasiliae
473 1278 713 1326 nationes
751 1277 803 1325 in
845 1296 940 1325 usu
978 1290 1092 1339 est3
1151 1280 1214 1328 ab
1252 1278 1428 1346 iisque
1466 1283 1624 1330 etiam
1660 1283 1714 1330 in
1750 1285 1922 1332 Peru·

65 1350 179 1407 via,
236 1346 511 1397 Columbia
557 1358 610 1396 et
651 1348 706 1394 in
747 1348 976 1412 imperio
1021 1348 1297 1397 mexicano
1344 1349 1457 1413 pari
1491 1350 1648 1401 modo
1680 1353 1926 1418 apparari

65 1429 282 1467 constat.
354 1418 563 1465 Incolae
606 1417 832 1482 originis
882 1417 1190 1467 lusitanicae
1241 1417 1528 1482 rejiciunt,
1597 1422 1690 1486 qui
1738 1433 1926 1472 contra

67 1488 228 1535 etiam
259 1488 565 1534 immaturos
595 1502 877 1550 granorum
907 1487 1143 1549 spadices
1181 1487 1345 1536 oleris
1377 1488 1498 1538 loco
1533 1489 1722 1549 edere,
1763 1502 1818 1541 et
1846 1495 1932 1540 In-

69 1556 253 1605 dorum
285 1572 459 1613 more,
500 1573 527 1602 a
557 1555 744 1622 quibus
781 1557 884 1604 hoc
919 1555 1063 1605 docti
1095 1567 1214 1605 sunt
1237 1592 1248 1614 ‚
1309 1558 1363 1604 in
1410 1559 1679 1608 nonnullis
1722 1561 1929 1610 morbis

66 1642 305 1692 magnam
331 1624 489 1673 calidi
533 1622 818 1690 granorum
850 1626 1056 1674 decocti
1096 1626 1303 1692 copiam
1335 1626 1522 1677 bibere
1565 1630 1755 1679 solent.
1828 1631 1929 1682 Va·

67 1711 201 1760 pore
245 1712 345 1742 una
390 1693 577 1742 hausto
625 1695 892 1743 interdum
938 1695 1098 1744 sudor
1153 1695 1402 1762 profusus
1445 1696 1717 1759 efficitur,
1773 1710 1933 1767 atque

67 1764 438 1828 transpiratio,
480 1779 612 1830 quae
641 1761 925 1812 deficiebat
949 1777 1135 1822 antea,
1175 1766 1510 1827 restituitur,
1553 1768 1636 1817 vel
1666 1768 1720 1817 in
1756 1769 1934 1835 syphi-

67 1834 220 1882 litico
246 1833 469 1900 aliisque
503 1834 555 1879 in
584 1833 783 1882 morbis
813 1834 1125 1883 cachecticis
1152 1836 1371 1884 materia
1397 1852 1619 1902 peccans
1643 1853 1671 1884 e
1704 1855 1935 1904 corpore

70 1915 393 1954 removetur.
469 1902 700 1960 Pecudi‚
740 1904 1048 1951 nominatim
1087 1905 1239 1970 equis
1277 1915 1331 1952 et
1368 1907 1553 1964 mulis,
1608 1906 1937 1957 frumentum

71 1972 361 2028 turcicum,
419 1972 733 2037 praesertim
786 1971 841 2020 in
893 1973 1207 2032 itineribus,
1264 1974 1356 2022 ubi
1399 1974 1497 2024 hac
1539 1976 1604 2024 de
1641 1993 1831 2037 causa,
1889 1977 1935 2026 si

72 2041 343 2089 domicilia
392 2041 612 2099 desunt,
686 2058 897 2105 semper
958 2059 1137 2092 secum
1199 2043 1395 2092 ducere
1463 2045 1640 2094 solent
1700 2046 1936 2106 asinarii,

74 2111 366 2177 praecipuo
387 2110 442 2158 fit
462 2111 731 2162 alimento.
771 2112 1115 2162 Veneniferis
1144 2111 1453 2179 quibusdam
1481 2113 1664 2163 herbis
1694 2131 1939 2166 consum-

77 2181 174 2238 tis,
231 2191 287 2228 ut
338 2176 440 2226 Yco'
480 2180 798 2245 (Cappari
834 2182 1003 2240 Yco‚
1055 2185 1273 2229 Maru
1316 2184 1506 2232 noxius
1542 2182 1768 2233 effectus
1805 2202 1937 2234 non-

76 2265 343 2316 nunquam
394 2266 675 2315 permagua
740 2249 940 2312 Maydis
1003 2250 1253 2316 portione
1309 2250 1500 2300 bestiis
1550 2252 1667 2302 data
1714 2255 1937 2304 tollitur.

79 2320 211 2368 Sunt
243 2318 400 2367 etiam
427 2318 570 2373 heri,
611 2319 701 2385 qui
734 2319 1008 2385 saginandi
1053 2336 1207 2369 causa
1240 2320 1398 2368 Zeam
1433 2323 1662 2372 crassius
1703 2323 1941 2374 molitam

77 2387 228 2455 equis
277 2387 644 2453 suppediient3
697 2389 840 2455 quod
883 2406 1015 2453 opus
1061 2400 1172 2446 est,
1238 2389 1446 2456 quando
1489 2392 1613 2458 equi
1659 2403 1748 2441 aut
1787 2394 1936 2451 muli,

76 2468 132 2506 ut
161 2457 372 2522 saepius
405 2454 521 2505 fieri
558 2457 724 2515 solet,
777 2459 1029 2507 morboso
1075 2459 1312 2524 appetitu
1363 2460 1467 2507 acti
1512 2472 1655 2509 terra
1689 2462 1939 2511 devorata

75 2525 261 2575 dentes
291 2526 361 2575 ita
387 2525 771 2592 depravarunt,
823 2538 879 2576 ut
919 2528 1088 2578 solida
1133 2546 1292 2595 grana
1338 2545 1519 2578 morsu
1561 2530 1804 2581 dividere
1844 2548 1936 2579 ne-

86 2605 300 2664 queant.

220 2664 283 2712 11.
333 2663 487 2712 Juxta
535 2663 692 2712 Zeam
743 2663 958 2729 Oryza
996 2666 1318 2714 frumentum
1357 2677 1438 2716 est
1476 2668 1697 2718 maxime
1733 2670 1944 2735 praeci·

80 2750 272 2799 puum,
313 2732 456 2799 quod
492 2733 544 2780 in
581 2733 803 2782 Brasilia
840 2736 1048 2783 colitur.
1121 2735 1339 2794 Planta,
1396 2735 1542 2801 cujus
1593 2739 1818 2803 patriam
1865 2738 1942 2805 ig-

81 2819 357 2861 noramus,
396 2801 534 2850 forte
592 2802 770 2852 Indiae
821 2804 1126 2863 orientalis,
1167 2805 1252 2853 cui
1289 2806 1353 2853 ab
1391 2806 1777 2873 antiquissimis
1816 2808 1943 2857 inde

81 2869 412 2937 temporibus
449 2881 569 2920 nota
610 2882 724 2930 est,
779 2872 1029 2938 indigena
1084 2885 1240 2940 atque
1279 2875 1435 2922 etiam
1476 2892 1574 2941 per
1613 2877 1799 2926 multas
1835 2880 1944 2926 Eu-

80 2957 241 3006 ropae
276 2939 636 2989 meridionalis
685 2942 924 3007 regionis
974 2940 1194 3000 diffusa,
1235 2943 1449 3008 primis,
1506 2956 1626 3010 post
1659 2945 1939 2995 Brasiliam

85 3010 373 3066 detectam,
433 3008 763 3073 temporibus
829 3028 1012 3076 parum
1081 3011 1280 3060 ibidem
1345 3013 1484 3062 culta
1543 3031 1662 3063 esse
1712 3016 1943 3067 videtur.

84 3079 314 3143 Propter
349 3077 682 3127 fertilitatem
713 3091 882 3128 autem
914 3097 1080 3145 paene
1111 3081 1515 3146 incredibilem,
1566 3100 1666 3150 qua
1703 3085 1963 3149 exiguam⁴

86 3148 351 3213 agricolae
390 3164 603 3212 operam
644 3161 1037 3207 remuneratur,
1077 3149 1190 3214 ejus
1230 3151 1434 3200 cultura
1472 3156 1635 3219 magis
1673 3156 1947 3219 magisque

90 3216 306 3264 extendi
345 3227 531 3281 coepta
571 3228 680 3279 est3
728 3228 781 3266 et
820 3219 875 3265 in
912 3219 1114 3286 aliquot
1151 3220 1491 3286 regionibus,
1550 3233 1606 3269 ut
1646 3222 1699 3269 in
1736 3222 1949 3286 provin·

89 3286 170 3332 cia
193 3287 626 3350 Maraguanensi,
667 3288 924 3336 societate
962 3290 1309 3349 mercatoria,
1350 3287 1706 3354 (Companlzia
1726 3288 1793 3337 do
1815 3287 1950 3337 Ma·-

89 3349 298 3400 ranhdo
346 3368 374 3399 e
421 3349 586 3402 Gram
632 3350 834 3418 Parti),
887 3373 1169 3406 Pomnamo
1224 3369 1439 3408 auctore
1477 3358 1745 3418 instituta,
1797 3356 1974 3407 indm.

90 3422 280 3472 striosa
328 3422 590 3484 auctrice,
643 3423 769 3474 inde
821 3424 884 3474 ab
935 3444 1071 3476 anno
1130 3425 1285 3492 1766,
1339 3443 1445 3492 quo
1492 3438 1737 3493 tempore
1767 3425 1950 3494 >Gry-za
