2100 3882
155 139 260 192 564
327 136 678 185 GnAmmEAm.
752 127 1105 179 Uestinum-10
1154 141 1469 176 Gtoroch
1521 145 1588 175 ET
1636 144 2000 178 oncouomce..

157 282 585 348 Soteropolitana
624 277 898 344 provincia
939 276 1098 342 eique
1151 273 1364 323 annexis
1399 269 1678 338 (Sergippe
1717 273 1820 323 d'el
1861 273 2000 337 Ber,

155 350 428 419 Alagoas)
451 349 662 406 colitur,
698 364 814 394 nam
843 345 1155 410 quingentas
1193 354 1245 392 et
1279 341 1522 390 undecim
1561 342 1785 393 fabricas
1823 334 2002 394 nurne-

156 422 368 478 rabant‚
426 435 586 485 quum
633 433 729 464 nos
766 414 964 462 ibidem
999 428 1473 466 commoraremur,
1525 430 1745 478 quarum
1797 413 2004 462 saccha-

153 509 270 541 rum
319 506 348 537 e
398 484 783 550 Soteropoleos
831 495 986 548 portu
1038 481 1093 529 in
1145 483 1408 546 Europam
1446 481 1897 546 transportabatur
1933 483 2007 530 ci-

155 572 456 624 starumque
505 553 858 614 34—36,ooo
883 586 895 608 ,
956 550 1183 616 singulas
1244 560 1367 609 ¹400
1431 548 1689 598 librorum
1750 552 2005 614 pondere.

155 628 313 706 Quod
351 624 543 675 nostris
582 620 912 688 temporibus
949 618 1210 686 imprimis
1248 618 1496 666 inclaruit
1534 619 1836 667 saccharum
1878 620 2007 667 illud

153 708 262 755 est,
316 715 355 744 a,
394 693 560 760 patria
622 695 860 738 Assacar
909 687 1003 737 dos
1059 686 1282 752 Campos
1320 688 1543 744 dictum,
1585 688 1638 735 in
1679 689 1875 753 campis
1911 688 2004 737 dos

155 763 527 832 Goyatacazes
574 758 967 826 (Goylucazces)
1007 757 1334 814 consectum,
1399 767 1452 804 et
1511 757 1657 822 gravi
1708 773 2004 824 asperoque

151 852 311 903 grano
350 845 402 882 et
442 832 623 880 colore
674 827 1062 893 dulcedineque
1113 824 1354 873 omnibus
1391 825 1613 892 reliquis
1653 826 2005 890 antecedens3

152 916 309 970 atque
347 901 490 950 illius
529 901 721 948 virtute
758 898 950 946 factum
990 906 1097 953 est,
1153 904 1209 942 ut
1258 893 1571 941 fabricarum
1623 912 1869 943 numerus
1909 898 2004 943 mi·

148 973 300 1024 rifice
350 972 690 1018 incresceret.
780 982 1045 1016 JOSEPHUS
1097 979 1372 1011 CARNEmo
1422 980 1495 1010 DA
1536 981 1700 1012 sumi
1746 965 1827 1026 (in
1868 963 2002 1012 libro

147 1044 234 1092 cui
255 1041 465 1094 titulus,
508 1036 762 1085 memoria
788 1032 1171 1100 topographica
1209 1049 1237 1080 e
1274 1031 1526 1080 historica
1567 1032 1724 1081 sobre
1761 1051 1820 1081 os
1857 1035 2003 1081 Cam-

143 1130 240 1178 pos
280 1110 373 1158 dos
414 1108 727 1157 Goitacazes
754 1142 766 1164 ‚
818 1104 920 1153 Rio
960 1102 1024 1150 de
1059 1100 1291 1150 Janeiro.
1338 1111 1478 1165 ¹8¹9·
1519 1109 1566 1159 [ς.
1609 1119 1657 1166 p.
1696 1103 1808 1166 49.)
1846 1101 1999 1151 nobis

144 1192 228 1230 est
265 1189 477 1237 auctor,
517 1175 833 1224 fabricarum
874 1182 926 1220 et
964 1170 1218 1233 majorum
1257 1166 1594 1234 (Eugenlzos)
1642 1183 1693 1219 et
1731 1172 1993 1219 minorum

142 1246 582 1312 (Engetzltocas),
635 1260 770 1310 quae
823 1257 1107 1306 paucorum
1155 1239 1536 1303 mancipiorum
1577 1240 1795 1305 negotio
1836 1256 1994 1305 expe-

141 1314 386 1377 diuntur,
427 1330 701 1364 numerum
739 1328 871 1359 anno
918 1307 1044 1372 1769
1083 1308 1461 1376 quinquaginta
1500 1319 1553 1356 et
1591 1310 1824 1375 quinque
1861 1308 1995 1357 haud

138 1388 432 1441 excedisse,
471 1384 631 1432 hodie
662 1397 787 1430 vero
818 1380 870 1427 in
899 1389 1001 1437 400
1040 1388 1245 1425 auctum
1280 1376 1462 1425 fuisse*
1523 1380 1577 1425 In
1610 1378 1660 1426 S.
1689 1378 1838 1425 Pauli
1870 1395 1989 1442 pro·

135 1458 313 1508 vincia
350 1471 485 1504 anno
543 1452 668 1501 1808
712 1450 814 1510 458
851 1446 1099 1497 officinas
1138 1464 1234 1512 pro
1274 1445 1617 1494 conficiendis
1659 1447 1907 1496 saccharo
1943 1460 1995 1496 et

136 1527 306 1575 sicera
344 1521 700 1576 numerabant,
742 1534 957 1586 quarum
992 1516 1279 1583 pleraeque
1315 1526 1418 1563 tam
1449 1516 1667 1581 exiguae
1709 1527 1881 1575 erant,
1937 1529 1999 1564 ut*

133 1596 460 1662 singulorum
494 1590 814 1639 rusticorum
840 1585 1148 1635 necessitati
1173 1584 1506 1634 'domesticae
1544 1584 1873 1634 solummodo
1904 1603 1987 1634 re·
2026 1636 2028 1638 ,

133 1666 513 1713 mediarentur.
550 1686 617 1694 --
651 1659 796 1706 Haec
829 1673 956 1706 vero
1001 1655 1175 1703 omnia
1204 1656 1385 1720 paucis
1424 1654 1879 1702 commemoranda
1915 1656 1989 1703 vi·

132 1732 426 1791 deb-antur,
479 1746 584 1796 quo
620 1727 834 1776 facilius
875 1725 1046 1774 lector
1080 1723 1398 1789 perspiciat,
1450 1734 1673 1791 quantae
1718 1723 1989 1789 dignitatis

130 1802 331 1852 arundo
366 1800 451 1848 ill¹a
484 1795 867 1852 saccharifera,
907 1793 1051 1859 cujus
1090 1793 1345 1841 culturam
1379 1803 1432 1840 et
1473 1793 1647 1842 varios
1694 1811 1814 1842 usus
1860 1792 1991 1842 levi-

130 1882 217 1921 ter
246 1869 610 1936 perstringere
646 1881 783 1914 nunc
816 1864 869 1912 in
905 1864 1080 1911 animo
1108 1872 1205 1910 est.

243 1940 528 1995 ¹Provenit
595 1947 767 1984 autem
808 1932 912 1980 hoc
966 1948 1181 1999 gramen
1235 1929 1601 1987 utilissimum,
1667 1929 1720 1977 in
1766 1930 1988 1978 Brasilia

134 2008 322 2059 Canna
359 2007 421 2054 cle
460 2008 702 2054 Assucm·
741 2002 964 2057 dictum,
1006 2000 1059 2048 in
1095 1999 1222 2048 Asia
1256 1999 1486 2064 tropica3
1527 2000 1717 2065 (ipsam
1744 2000 1986 2065 patriam,

126 2097 232 2147 quo
265 2087 453 2143 sponte
474 2073 721 2131 creverit,
762 2069 1058 2119 accuratius
1091 2068 1329 2124 tradere,
1367 2070 1440 2116 uti
1470 2069 1811 2134 plurimarum
1838 2069 1984 2134 plan-

127 2161 299 2198 tarum
339 2146 440 2210 jam
479 2161 574 2210 per
611 2143 763 2207 longa
811 2152 1048 2205 tempora
1099 2137 1434 2196 usitatarum,
1491 2155 1595 2186 non
1643 2139 1985 2202 possumus);

125 2216 471 2281 saccharique
520 2211 918 2261 confectionem
979 2206 1176 2256 ibidem
1230 2215 1473 2270 tempore
1533 2223 1822 2266 Ac‘rUARn,
1894 2208 2009 2275 qui¹

127 2287 260 2338 vixit
313 2284 491 2334 seculo
542 2278 820 2328 undecimo
876 2286 997 2344 post
1046 2277 1105 2325 C.
1152 2277 1244 2333 N.,
1298 2274 1625 2333 innotuisse,
1685 2286 1869 2324 auctor
1906 2287 1986 2324 est

123 2370 415 2407 Rumpimus.
466 2350 591 2400 lnde
618 2348 721 2413 jam
758 2344 1139 2414 colligendum,
1178 2361 1311 2412 quae
1349 2362 1446 2410 per
1483 2344 1759 2393 Brasiliam
1801 2345 1982 2409 regio·

121 2442 220 2474 nes
251 2424 418 2489 ipsius
445 2420 679 2468 culturae
707 2416 1024 2467 conveniant
1064 2430 1180 2463 esse
1218 2413 1358 2462 inter
1382 2417 1738 2480 Aequatorem
1765 2424 1816 2462 et
1845 2417 1981 2462 Tro-

121 2494 301 2562 picum
336 2488 648 2556 Capricorni
672 2488 815 2535 sitas.
853 2484 1105 2533 Limitem
1135 2495 1309 2532 tamen
1341 2482 1620 2531 australem
1640 2482 1781 2545 juxta
1808 2481 1996 2532 Ocea-.

121 2579 247 2613 num
284 2565 337 2609 in
371 2559 531 2608 terris
571 2554 894 2611 humilibus»,
947 2551 1113 2601 calida
1159 2551 1478 2620 humidaque
1529 2551 1976 2615 coelitemperie

123 2630 503 2698 gaudentibus,
558 2641 724 2692 usque
764 2623 826 2672 ad
865 2624 1085 2672 Portum
1122 2620 1348 2669 alacrem
1385 2617 1577 2681 (Porto
1612 2617 1842 2687 Alegre)
1881 2621 1976 2669 sub

122 2700 268 2758 300,
323 2707 374 2748 2¹
419 2698 508 2746 lat.
560 2692 804 2744 australis
855 2691 1100 2747 extendi,
1164 2690 1218 2738 in
1279 2700 1419 2739 terra
1468 2706 1596 2739 vero
1648 2690 1976 2750 continente,

123 2771 322 2838 quippe
374 2783 508 2834 quae
571 2764 725 2814 altior
777 2759 1171 2827 frigidiorque,
1236 2758 1298 2807 ad
1356 2756 1756 2825 Itctpetitu‘ngae
1805 2758 1978 2809 villam

124 2838 242 2897 23¹²,
281 2843 369 2900 ΒΨ
396 2838 484 2884 lat.
519 2835 678 2894 aust.)
715 2829 1044 2879 solummodo
1064 2829 1347 2898 pervenire
1373 2845 1488 2877 sese
1509 2827 1820 2877 observasse
1849 2827 1979 2877 dicit

121 2907 549 2959 accuratissimus
583 2900 981 2968 peregrinator,
1032 2914 1155 2946 Auo.
1204 2915 1276 2946 DE
1335 2915 1374 2946 s.
1430 2914 1658 2946 nmmum
1703 2896 1972 2957 (Histoire

124 2977 216 3027 des
275 2975 477 3040 plantes
531 2972 610 3022 les
657 2970 773 3036 plus
821 2966 1212 3034 remarquab'les
1261 2965 1330 3013 du
1380 2963 1554 3014 Bresil
1606 2976 1659 3014 et
1710 2965 1777 3013 du
1816 2967 1972 3014 Para-

122 3061 288 3113 guay,
344 3041 536 3091 introd.
595 3057 644 3105 p.
695 3038 861 3100 XL.);
917 3037 1165 3102 idemque
1203 3034 1379 3095 addit,
1420 3034 1501 3083 vel
1541 3033 1595 3081 in
1632 3034 1856 3100 regione
1896 3035 1972 3085 sic

121 3115 264 3166 dicta
317 3111 628 3160 Missionum
672 3107 886 3155 favente
941 3106 1178 3154 locorum
1235 3104 1368 3160 situ,
1442 3101 1758 3150 Saccharum
1814 3118 1971 3168 posse

118 3180 396 3249 hospitari.
480 3179 758 3226 Caeterum
807 3174 932 3240 quin
980 3173 1180 3221 arundo
1219 3170 1570 3220 saccharifera
1626 3171 1678 3219 in
1734 3171 1972 3237 pluribus

120 3249 433 3320 regionibus
497 3263 594 3312 per
659 3242 1044 3292 occidentalem
1107 3239 1363 3289 Brasiliae
1420 3239 1623 3306 plagam
1690 3240 1773 3290 vel
1827 3251 1975 3289 extra

121 3319 415 3386 Uopiscum
461 3315 578 3367 sitis
631 3311 736 3362 coli
771 3309 954 3382 ¹possit
1000 3309 1086 3358 vix
1130 3307 1459 3367 dubitamus,
1512 3326 1669 3376 quum
1716 3325 1975 3378 nusquam

119 3391 366 3440 locorum
405 3385 460 3433 in
496 3384 713 3436 altiores
748 3389 956 3430 montes
993 3376 1352 3439 adscendunt3
1391 3388 1443 3426 et
1480 3388 1718 3436 constat,
1758 3378 1810 3427 in
1847 3395 1969 3444 pro.

123 3460 297 3512 vincia
332 3451 770 3504 llffatto-Grosso
806 3447 1084 3515 egregium
1123 3444 1422 3496 saccharum
1461 3447 1776 3512 provenire.'
