2100 3882
76 118 419 167 Gizama-ms.
511 114 868 167 Onsunvmio
910 131 1219 166 ceoromca
1255 134 1322 166 m*
1360 132 1725 174 onconomca·
1806 127 1907 184 575

65 262 324 311 fructibus
355 262 662 310 cerevisiam
688 272 922 326 pararet,
975 272 1033 312 ut
1055 279 1121 311 ne
1158 279 1321 329 porro
1363 282 1478 315 esse
1510 267 1610 319 hoc
1646 283 1771 336 potu
1800 276 1905 324 An.

63 332 164 398 glis
200 331 473 379 tributaria
506 340 805 396 cogeretur.

195 399 537 446 Triticum
585 413 868 462 repens,
922 398 1063 465 quod
1100 400 1153 447 in
1200 402 1418 451 maxime
1464 406 1777 458 australibus
1820 429 1901 460 re-

61 467 308 533 gionibus
346 466 601 515 Brasiliae
630 483 694 515 ex
722 467 934 531 Europa
975 466 1171 516 illatum
1206 482 1388 533 sponte
1431 487 1748 540 propagatur
1771 514 1784 536 ‚
1847 481 1901 529 in

63 536 279 584 eosdem
316 553 466 593 usus,
529 551 662 602 quos
702 535 842 598 apud
887 551 981 582 nos
1024 547 1074 583 et
1122 537 1174 585 in
1224 540 1493 590 Lusitania
1541 544 1665 602 (ubi
1701 543 1900 596 Grama

61 604 157 651 das
210 604 408 652 botlcas
460 601 528 649 da
581 599 789 657 Franca
835 604 1074 662 vocatur)
1124 617 1380 669 praestat,
1434 610 1676 662 adhiberi
1707 626 1898 680 potest.

61 673 436 721 Deco'ctum
485 671 833 721 Graminis
884 681 964 719 est
1002 682 1156 736 potus
1195 676 1629 743 mucilaginosus,
1693 687 1901 751 sangui-

60 759 178 790 nem
224 752 473 794 tenuatis,
527 740 854 788 irritationes
897 739 1203 800 emolliens,
1252 743 1449 811 fitque,
1489 749 1532 795 si
1566 749 1897 817 inspissetur,

60 809 356 875 Mellago
394 809 538 856 mitis
564 845 575 867 ‚
614 808 913 866 involvens,
951 808 1252 868 resolvens,
1293 830 1444 878 quam
1476 816 1541 864 ob
1571 836 1681 867 rem
1709 822 1762 869 in
1793 840 1899 871 ma-

60 878 246 927 teriam
280 878 532 926 Brasiliae
563 877 817 926 medicam
846 876 959 940 jure
992 877 1161 943 recipi
1200 891 1392 944 potest.
1465 887 1711 949 Ejusdem
1746 891 1898 953 plane

59 965 181 996 usus
219 960 322 1003 est,
387 947 462 994 uti
505 946 605 1010 jam
656 964 809 1012 supra
849 949 924 1010 (p.
971 944 1114 1007 331.)
1157 950 1482 1011 notavimus,
1534 957 1679 1004 radix
1725 964 1897 1009 Ana-

61 1017 170 1064 the
193 1016 251 1064 ri
289 1015 642 1071 bicornis,
682 1013 869 1064 incolis
915 1011 1362 1081 Caa-pim-peha
1399 1021 1542 1069 dicti.

193 1085 253 1135 V.
317 1085 448 1132 Sunt
482 1095 754 1148 praeterea
795 1083 1041 1131 nonnulla
1091 1086 1323 1149 gramina
1356 1088 1409 1135 in
1441 1093 1689 1158 Europae
1729 1097 1897 1148 ‘terris

53 1153 447 1209 australioribus
507 1153 670 1211 culta,
732 1167 864 1219 quae
917 1152 1095 1216 paucis
1149 1153 1270 1204 heic
1326 1158 1550 1208 notanda
1606 1161 1893 1215 habemus:

60 1224 570 1288 Trachypogon
620 1236 994 1270 avenaceus
1038 1221 1290 1285 (Sorgho)
1330 1235 1382 1272 et
1421 1229 1748 1280 Panicum
1785 1236 1898 1283 mi·-

56 1291 350 1339 liaceum
407 1288 610 1348 (A‘lillzo
648 1289 822 1338 mindo
866 1289 946 1339 vel
981 1286 1228 1358 Ραίηςο.)
1299 1293 1450 1342 Illum
1487 1297 1724 1362 pluribus
1762 1301 1897 1353 locis

59 1360 216 1409 veluti
282 1371 621 1425 spontaneum
699 1360 904 1418 inveni,
978 1361 1124 1426 quasi
1176 1377 1238 1409 ex
1293 1362 1603 1414 colonorum
1666 1373 1898 1435 praediis

56 1429 359 1495 aufugisset.
445 1432 593 1477 Anne
636 1445 699 1477 ex
738 1431 949 1492 Europa
988 1428 1068 1477 vel
1106 1446 1172 1477 ex
1211 1430 1392 1480 Africa
1439 1433 1611 1483 illatus
1654 1439 1752 1497 sit,
1815 1441 1895 1508 ig-

55 1515 205 1546 noro.
279 1497 598 1546 Panicum
636 1497 956 1545 miliaceu
979 1515 1025 1545 m
1062 1498 1113 1544 in
1149 1500 1438 1563 provinciis
1459 1504 1894 1558 meridionalibus

19 1612 21 1614 ,
53 1567 245 1633 passim
273 1567 496 1623 colitur,
538 1568 629 1616 sed
668 1566 876 1631 parvula
907 1566 1072 1631 copia.
1500 1589 1503 1590 ⁷

192 1637 280 1686 Vt.
339 1637 449 1684 Jam
488 1636 695 1685 unicum
732 1635 871 1702 quod
906 1634 969 1683 de
1006 1636 1293 1701 graminum
1323 1656 1420 1686 usu
1463 1651 1516 1688 et
1543 1641 1745 1692 cultura
1791 1656 1897 1695 tra-

57 1706 220 1753 ctanti
280 1716 477 1763 restat,
527 1708 584 1753 ad
630 1716 774 1770 prata
821 1703 1085 1771 pertinet,
1149 1707 1347 1772 quippe
1384 1725 1516 1774 quae
1558 1711 1612 1759 in
1642 1714 1895 1779 majorum

54 1773 263 1821 urbium
292 1774 485 1822 vicinia
522 1786 629 1823 arte
661 1774 892 1839 plantare
930 1790 1040 1822 mos
1072 1786 1149 1822 est
1171 1811 1183 1832 ,
1240 1786 1296 1823 ut
1335 1778 1535 1826 recenti
1570 1780 1731 1830 herba
1770 1785 1897 1851 equi

56 1855 109 1890 et
146 1842 366 1891 subinde
400 1844 624 1906 pecudes
661 1860 868 1909 quoque
925 1859 1041 1889 nam
1077 1842 1220 1890 foeni
1264 1844 1318 1892 in
1359 1847 1582 1896 Brasilia
1623 1868 1745 1900 usus
1789 1870 1896 1902 non

59 1915 163 1969 est)
216 1922 576 1976 pascerentur.
666 1914 867 1971 Horum
914 1928 1041 1959 vero
1082 1913 1369 1976 graminum
1411 1917 1642 1964 omnium
1681 1921 1896 1969 notissi-

50 1998 187 2027 mum
218 1992 296 2028 est
323 1980 450 2027 illud
489 1980 810 2029 Panicum
851 1979 1281 2044 spectabile,
1322 1999 1360 2029 s.
1402 1980 1645 2049 Cau-ssim
1682 1987 1744 2035 de
1780 1991 1930 2037 An·-

50 2047 176 2115 gola
213 2049 402 2097 incolis
428 2086 439 2107 ,
495 2050 666 2117 quod,
728 2066 883 2115 quum
925 2049 978 2097 in
1017 2065 1105 2096 sex
1146 2062 1411 2116 septemve
1445 2055 1638 2117 pedum
1666 2057 1896 2107 altitudi-

49 2135 169 2166 nem
215 2117 507 2168 increscat.
573 2128 626 2167 et
670 2118 806 2165 mole
853 2128 904 2166 et
954 2118 1236 2166 culmorum
1275 2119 1630 2190 foliorumque
1670 2128 1894 2178 mollitie

49 2202 314 2252 succoque
344 2203 458 2234 sese
487 2186 810 2235 commendat
859 2198 1014 2253 atque
1044 2186 1106 2233 ab
1152 2188 1291 2235 omni
1341 2206 1534 2255 pecore
1580 2194 1719 2242 inter
1760 2197 1894 2246 deli-

49 2256 145 2304 ciis
182 2253 420 2303 habetur.
494 2257 591 2304 Cui
619 2256 841 2303 colendo
884 2256 1310 2320 Sebastianopoli
1349 2270 1401 2307 et
1435 2260 1738 2326 Soteropoli
1779 2267 1891 2330 plu-

46 2341 134 2372 res
169 2324 357 2372 rustici
404 2341 619 2387 operam
648 2324 767 2373 dant
805 2324 940 2372 lucri
974 2341 1154 2381 causa,
1210 2326 1350 2392 quod
1396 2326 1539 2377 sicco
1576 2335 1891 2394 praesertim

45 2403 318 2456 tempore,
361 2391 478 2440 dum
509 2408 695 2442 recens
738 2410 832 2457 pro
865 2393 1065 2457 pecude
1095 2393 1332 2457 pabulum
1381 2413 1553 2445 rarum
1588 2399 1677 2458 fit,
1733 2404 1890 2451 multa

47 2462 270 2526 pecunia
304 2461 590 2511 venditent.
676 2462 937 2510 Convenit
979 2480 1107 2510 vero
1146 2462 1265 2510 huic
1296 2465 1531 2528 plantae,
1587 2468 1725 2534 quod
1765 2489 1890 2535 prae

45 2531 302 2591 cacteris,
356 2528 614 2593 Caa-pim
654 2530 713 2589 (i.
752 2547 796 2578 e.
840 2530 956 2578 solii
1007 2531 1215 2579 humilis
1270 2550 1308 2579 S.
1354 2535 1629 2598 graminis)
1674 2541 1887 2589 nomine

45 2599 284 2654 salutant,
318 2597 508 2646 fundus
540 2599 767 2665 irriguus
790 2636 801 2655 ,
851 2610 992 2647 terra
1024 2601 1210 2657 soluta,
1246 2602 1393 2667 nigra
1417 2638 1428 2659 ‚
1481 2605 1681 2667 dulcis3
1731 2621 1885 2676 atque

47 2684 113 2716 eo
158 2667 386 2716 nobilior
427 2667 870 2734 frequentiorque
920 2667 1117 2716 ibidem
1163 2669 1267 2717 erit
1310 2671 1558 2735 graminis
1604 2679 1884 2741 vegetatio,

43 2753 147 2802 quo
198 2735 413 2784 facilior
458 2736 663 2799 rigatio.
736 2736 960 2785 Paludes
1001 2737 1163 2803 igitur
1193 2739 1399 2803 saepius
1422 2739 1483 2787 ab
1518 2741 1706 2791 incolis
1750 2745 1888 2796 hunc

41 2804 95 2852 in
128 2803 283 2853 finem
322 2804 620 2870 eliguntur,
683 2822 817 2871 quae
858 2816 1060 2862 tamen,
1112 2806 1450 2870 serpentibus
1503 2821 1555 2858 et
1601 2814 1886 2863 crocodilis

38 2873 345 2938 saepissime
378 2873 594 2929 foedae,
639 2890 703 2921 ne
738 2873 1034 2923 laborantes
1066 2872 1262 2921 ibidem
1304 2875 1529 2941 nigritae
1568 2880 1743 2930 talium
1777 2885 1887 2932 ani-

40 2942 246 2989 malium
278 2959 527 3008 aggressu
571 2941 1027 3005 periclitarentur,
1082 2942 1144 2989 ab
1188 2943 1340 2992 initio
1374 2944 1554 2994 sedulo
1590 2948 1655 2997 iis
1692 2967 1882 3016 expur-

39 3010 239 3075 gandae
268 3022 400 3058 sunt.
475 3010 708 3057 Elicibus
744 3011 906 3076 igitur
933 3010 1174 3058 nonnihil
1206 3012 1540 3062 exsiccentur
1573 3029 1621 3064 et
1653 3018 1715 3066 ab
1744 3023 1884 3068 omni

39 3079 252 3128 arbusto
291 3092 609 3144 purgentur,
658 3096 760 3146 quo
803 3077 940 3126 facto
986 3079 1352 3144 ingruentibus
1390 3083 1578 3146 pluviis
1613 3088 1878 3138 mensibus

37 3146 175 3194 haud
214 3159 446 3195 semente
493 3148 587 3196 sed
641 3148 792 3194 taleis
838 3147 966 3194 illud
1011 3164 1224 3212 gramen
1278 3150 1508 3213 plantare
1562 3153 1751 3203 incolis
1797 3175 1880 3205 so-

39 3214 210 3263 lemne
252 3226 348 3264 est.
438 3216 715 3281 Peragitur
752 3232 877 3263 vero
925 3216 1050 3264 hacc
1100 3217 1353 3281 plantatio
1396 3235 1495 3278 eo,
1562 3223 1702 3288 quod
1743 3224 1877 3271 alter

39 3299 227 3332 servus
255 3284 428 3332 sulcos
457 3284 659 3331 dimidii
700 3283 853 3349 pedis
900 3283 1170 3332 altitudine
1212 3285 1447 3345 deducit,
1500 3288 1632 3338 alter
1680 3303 1879 3343 stercus

35 3350 240 3415 injicit,
290 3350 583 3417 leviterque
612 3364 808 3402 terram
847 3353 1106 3419 inspargit
1126 3388 1138 3410 ‚
1194 3355 1377 3402 tertius
1406 3356 1562 3404 taleas
1592 3359 1739 3421 ponit
1767 3369 1873 3409 ter-

37 3436 200 3486 raque
237 3418 445 3481 obruit3
498 3421 551 3467 in
594 3437 699 3488 quo
742 3437 905 3486 opere
941 3421 1242 3488 peragendo
1287 3422 1362 3471 nil
1408 3434 1682 3488 praeterea
1725 3442 1848 3492 spec
