2100 3882
53 261 290 320 Fictilia,
353 263 509 331 inque
555 278 716 313 novas
762 277 950 312 cernes
997 277 1346 313 concrescere
1385 275 1563 315 metas,

15 356 18 360 ‘
54 349 206 415 Haec?
235 349 392 398 simili
428 351 638 416 argilla,
678 349 888 414 rituque
920 349 1157 398 linuntur
1195 350 1380 400 eodem

53 436 342 496 Sacchara‚
392 454 521 504 quae
570 446 764 485 tantum
810 435 995 500 primis
1043 437 1314 496 albedine,
1376 449 1624 506 quantum

50 523 293 572 Pondere
330 524 654 578 concedunt,
694 520 989 590 effoetaque
1025 526 1177 574 mella
1219 525 1495 585 resudant,

52 611 362 676 Degeneres
399 611 613 669 latices,
662 626 761 658 nec
800 610 1045 660 sacchara
1081 613 1229 677 plura
1267 612 1495 663 daturos.

50 700 181 772 'ljnm
217 715 422 765 queque
459 698 536 746 fas
579 698 741 760 (alius
792 697 835 745 si
870 696 982 746 fors
1033 698 1130 746 tihi
1181 683 1426 764 displicet
1466 701 1627 763 usus)

48 784 289 834 Condere
326 786 475 834 mella
511 784 651 834 cadis
674 821 686 844 ,
727 797 779 834 et
815 784 1023 834 condita
1059 787 1267 835 solvere
1305 788 1556 854 lymphis,

44 873 111 920 Ut
146 873 288 939 large
326 873 482 920 diluta
507 909 519 931 ‚
560 889 653 920 suo
691 889 807 922 cum
841 883 1081 938 tempore
1119 886 1396 934 acescent,

45 959 290 1009 Clibanus
327 960 576 1026 excipiat,
615 960 852 1027 lentique
886 960 1086 1009 inclusa
1120 963 1329 1010 metallo

46 1045 331 1095 Attenuent
379 1048 556 1113 ignes,
608 1047 775 1096 donec
829 1047 924 1096 sub
958 1047 1183 1097 culmine
1221 1049 1357 1098 vasis

43 1134 294 1182 Paulatim
346 1137 598 1194 collecta,
670 1133 831 1184 fluant
875 1151 974 1201 per
1020 1134 1173 1184 devia
1222 1135 1417 1195 rostri,

40 1223 109 1270 Et
158 1222 365 1270 tandem
410 1233 671 1270 austerum
731 1221 952 1271 reddant
1001 1222 1188 1271 stillata
1239 1240 1495 1289 saporem.

40 1309 298 1384 Quantum
333 1309 460 1359 haec
497 1309 767 1375 mancipiis
805 1309 1040 1358 arrident
1075 1309 1286 1381 poeula!
1343 1311 1592 1361 Nummos

38 1397 277 1463 Undique
315 1397 554 1447 com-adit
589 1397 739 1462 plebs
778 1397 935 1460 Afra3
975 1398 1205 1458 cibaria,
1245 1408 1451 1456 vestes,

39 1485 184 1561 Quae
219 1484 391 1539 labor,
447 1484 741 1550 ingenium,
791 1484 1001 1534 fortuna
1038 1485 1119 1534 vel
1156 1485 1357 1544 attulit,
1398 1501 1522 1534 aere

35 1572 295 1621 Distrahit
331 1573 518 1638 exiguo
542 1609 554 1631 ,
594 1571 788 1638 cyathis
828 1589 930 1639 quo
969 1584 1174 1639 guttura
1212 1572 1374 1638 largis

38 1661 281 1720 Proluat,
319 1659 446 1729 heu!
485 1659 647 1707 nimio
685 1677 990 1726 quamquam
1027 1677 1183 1725 saepe
1219 1659 1364 1708 ebria
1400 1669 1545 1725 potu.

38 1749 314 1797 Immanem
355 1748 537 1796 subeat
575 1747 704 1795 duro
744 1747 839 1795 sub
876 1746 1052 1814 judice
1089 1735 1326 1813 poenam.

179 1836 432 1885 Sacchara
470 1851 561 1883 seu
598 1835 817 1899 recoqui
854 1835 1060 1894 lubeat,
1101 1853 1194 1883 seu
1228 1834 1415 1901 pocula
1452 1832 1622 1883 servis

41 1923 196 1972 Grata
235 1941 418 1990 pares,
461 1939 553 1971 seu
589 1922 729 1970 forte
767 1923 910 1987 juvet
934 1940 1030 1994 ¹res
1068 1934 1320 1989 utraque,
1359 1938 1536 1971 euram

36 2011 132 2059 His
170 2012 392 2078 adjunge
427 2011 606 2069 aliani,
647 2002 888 2058 sudantes
927 2009 1102 2059 visere
1139 2021 1300 2058 metas
1324 2045 1336 2068 ,

34 2098 334 2150 Observans
384 2115 485 2165 quo
533 2099 670 2146 lenta
723 2095 882 2146 fluant
925 2091 1442 2164 purgaminaseursu.

33 2187 229 2235 Labilis
269 2203 331 2234 ex
370 2197 478 2234 toto
515 2196 786 2250 postquam
824 2185 1112 2234 cessaverit
1149 2184 1353 2244 humor,

33 2274 151 2349 Quo
195 2285 414 2340 purgata
460 2272 564 2321 suis
616 2271 860 2321 excludas
911 2272 1153 2321 saceliara
1200 2272 1387 2320 formis

31 2363 258 2426 Tempus
293 2362 472 2422 adest,
512 2360 564 2407 ni
601 2359 739 2408 forte
778 2360 946 2425 pluat,
997 2360 1311 2411 Phoebusve
1347 2360 1641 2426 nigrantem

27 2448 280 2497 Conditus
318 2433 387 2496 in·
407 2448 596 2496 nubem
635 2459 882 2497 venturos
919 2447 1122 2495 nuntiet
1158 2448 1371 2495 imbres.

27 2537 155 2583 Nam
203 2535 387 2584 formis
435 2552 649 2585 excussa
702 2536 874 2583 solent
925 2534 1174 2583 invadere
1228 2538 1431 2593 cultro,

25 2622 306 2672 Frustatim
360 2623 608 2683 caedunt,
661 2624 885 2688 purique
935 2621 998 2670 ad
1047 2623 1256 2670 luminis
1308 2641 1458 2672 auras

25 2710 347 2759 Exsiccanda
382 2711 581 2769 locant,
621 2710 788 2759 donec
825 2708 1166 2775 penetrabilis
1204 2714 1324 2768 ae'r‘,

25 2798 124 2856 Et,
165 2797 418 2864 quidquid
455 2808 695 2863 superest
729 2797 999 2856 humoris,
1042 2797 1264 2862 dissipet
1299 2808 1517 2846 aestus.-

164 2888 519 2950 Ergo,1nane
571 2901 740 2944 novo,
795 2885 957 2933 nudas
1011 2885 1108 2932 tibi
1165 2886 1352 2933 sistere
1410 2897 1571 2935 metas

25 2974 140 3020 Alta
179 2989 336 3037 super
375 2970 591 3020 tabulata
629 2971 780 3037 jube:
821 2971 962 3038 quod
998 2988 1216 3037 surgere
1256 2984 1436 3020 eontra

22 3059 294 3123 Aspicies,
334 3060 550 3107 tolidem
591 3059 799 3108 diverso
837 3075 865 3107 e
901 3076 1160 3106 marmore
1197 3076 1371 3108 caesas

26 3145 326 3211 Pyramides
364 3147 459 3195 tibi
496 3159 632 3195 stare
668 3159 835 3212 putes.
909 3146 1060 3194 Haud
1099 3147 1337 3195 omnibus
1375 3146 1513 3195 idem

24 3235 119 3297 Es}
161 3230 380 3282 eander:
419 3234 586 3283 niveis
623 3233 749 3282 haee
788 3233 974 3282 albicat
1010 3234 1207 3282 aemula
1245 3234 1451 3299 cycnis,

23 3321 112 3367 llla
149 3321 315 3368 minus
353 3320 574 3383 eandct;
607 3320 733 3387 quin
770 3331 822 3370 et
855 3338 976 3387 pars
1013 3321 1229 3370 maxima
1264 3322 1442 3386 plures

22 3406 275 3465 Exhibet,
315 3417 527 3472 aspectu
565 3408 736 3456 varios
770 3409 1080 3474 pretioque,
1119 3408 1345 3458 colores.

1803 124 1900 177 591
