2100 3882
609 137 962 193 Gnimxzm.
1035 135 1306 188 Paucum.
1793 145 1894 197 131

33 285 260 352 oblonga
303 282 665 334 obtusiuscula
706 283 912 349 integra
963 283 1363 335 membranacea
1414 283 1547 335 alba.
1619 285 1890 340 Antherae

25 371 345 422 purpureae.
399 353 677 402 Flosculus
697 351 1160 418 hermaphroditus
1195 355 1397 415 minor,
1437 353 1894 416 chartaceu5‚lae-

32 425 114 474 vis
136 460 150 483 ‚
205 423 439 484 albidus,
498 421 923 481 obtusiusculus,
960 420 1196 472 antheris
1229 425 1664 493 stigmatibusque
1695 444 1897 494 purpu-

24 492 376 544 rascentibus.

164 595 390 644 Habitat
418 593 471 642 in
504 591 745 642 Brasilla
783 591 1004 655 (Sieber.
1057 594 1178 643 Vidi
1206 595 1260 644 in
1290 594 1454 647 Herh.
1486 597 1623 667 Reg.
1649 597 1895 664 Eerol.),·

29 665 83 714 in
129 665 346 715 desertis
387 663 526 712 inter
569 662 870 712 Contendas
902 660 1192 726 etflumen
1225 662 1277 714 S.
1317 665 1636 732 Francisci,
1673 670 1894 736 provin-

26 734 140 783 ciae
161 733 446 784 ZlIinarum
466 732 816 800 generalium,
844 739 901 783 (a
919 731 1214 786 „Mar-tius.)
1243 733 1306 782 In
1323 735 1582 802 glareosis
1602 738 1658 801 (a
1677 736 1890 807 Langs-

26 799 202 871 dorſj',
259 802 421 852 Herb.
454 802 631 856 Acad.
662 801 798 869 Imp.
825 799 1042 870 Petrop.
1075 812 1127 852 et
1161 801 1339 868 Trin.)
1395 803 1581 856 Floret
1618 808 1891 876 Augusto,

23 872 329 922 Novembri.
410 877 491 936 74.

170 979 453 1031 Observ.
525 975 929 1027 Inssorescentia
975 975 1160 1028 differt
1206 997 1234 1028 a
1277 978 1516 1042 cunctis»,
1568 998 1701 1051 quae
1746 982 1898 1035 novi·

31 1067 176 1111 mus,
214 1049 442 1099 Panicis.

574 1219 797 1265 SECTIO
829 1218 912 1264 VI.
972 1220 1208 1266 VIRGA
1225 1223 1261 1266 T
1278 1221 1336 1267 A.

187 1357 474 1417 Panicula
528 1378 873 1426 racemosa,
935 1379 1041 1415 seu
1083 1360 1287 1438 potius
1331 1381 1602 1419 racemus
1643 1383 1892 1442 compo-

33 1443 213 1510 situs,
275 1439 755 1517 decompositus,
817 1440 1491 1520 supradecompositUS,
1554 1443 1734 1499 ramis
1776 1445 1893 1500 vir-2

31 1525 185 1602 gatis
214 1519 651 1588 validiusculis,
697 1518 857 1575 mole
899 1536 1079 1599 atque
1116 1522 1453 1580 directione
1494 1545 1529 1579 a
1556 1524 1801 1580 ramulis
1831 1540 1893 1582 et

31 1602 387 1684 pedunculis
440 1601 768 1679 conspicue
814 1600 1095 1670 diversis,
1144 1604 1658 1683 erecto-patuliS,
1706 1605 1895 1662 inter-

36 1686 179 1742 dum
212 1682 548 1760 fastigiatis.
636 1680 875 1738 Ramuli
914 1697 974 1739 ct
1012 1683 1298 1762 pedicelli
1320 1685 1674 1764 plerumque
1704 1687 1893 1743 erecti

33 1785 274 1822 ramove
313 1762 624 1843 appressi,
691 1785 812 1842 quo
841 1764 1030 1840 magis
1060 1785 1364 1823 ramorum
1391 1766 1627 1845 species
1665 1767 1894 1845 virgam

29 1847 312 1903 imitetur.
400 1843 682 1922 Spiculae
718 1844 1130 1920 magnitudine
1181 1862 1240 1904 et
1283 1847 1480 1904 forma
1524 1848 1752 1915 variae,
1801 1849 1893 1905 di-

28 1928 248 1986 stincte
300 1945 619 1993 nervosae,
692 1925 755 1981 in
800 1925 1117 2005 pedicellis
1175 1927 1405 1984 bissoris
1464 1929 1888 2008 inaequalibus

31 2008 215 2066 modo
272 2005 765 2076 remotiusculae‚
845 2008 1027 2064 modo
1081 2010 1563 2088 approximatae,
1631 2026 1889 2080 erectae,

32 2090 96 2146 in
136 2087 344 2167 paucis
387 2087 714 2156 secundae,
773 2087 1015 2164 glabrae
1051 2089 1147 2145 vel
1191 2090 1557 2169 subasperae
1607 2091 1891 2151 setulisve

31 2169 242 2249 paucis
299 2169 656 2246 adspersae,
727 2189 842 2226 nec
890 2189 1160 2248 unquam
1200 2172 1327 2228 fere
1362 2171 1627 2229 molliter
1664 2172 1892 2250 pubes-

4 2265 260 2308 centes.
347 2250 566 2305 Gluma
606 2248 857 2306 inferior
911 2248 974 2305 in
1026 2250 1159 2306 aliis
1207 2249 1749 2330 (Isocalycina
1803 2253 1897 2310 di-

35 2327 313 2402 cuntur,)
376 2328 749 2408 superiorem
791 2349 1091 2407 aequans,
1153 2333 1246 2388 vel
1299 2333 1414 2390 ista
1472 2333 1550 2388 ad
1601 2353 1896 2391 summum

34 2414 74 2489 Ξ
108 2409 378 2478 brevior,
434 2410 527 2467 vel
563 2409 749 2465 multo
791 2410 971 2466 etiam
1005 2411 1234 2481 minor,
1276 2412 1410 2469 basi
1458 2412 1753 2491 spiculam
1804 2414 1894 2469 in-

37 2491 315 2557 volvenS,
360 2511 670 2569 nunquam
708 2510 848 2548 vero
885 2490 1116 2548 minuta
1150 2508 1209 2550 et
1248 2493 1666 2573 inconspicua.
1724 2494 1894 2551 Flos·-

36 2572 205 2630 culus
259 2571 510 2628 inferior
556 2570 865 2649 plerisque
909 2573 1208 2630 masculus
1223 2615 1239 2642 ,
1287 2575 1481 2631 rarius
1515 2589 1758 2643 neuter,
1800 2574 1895 2631 bi-

32 2653 217 2713 valvis
229 2693 246 2720 ,
287 2652 591 2708 rarissime
625 2651 938 2710 univalvis.
1026 2652 1320 2733 Superior
1355 2655 1643 2714 flosculus
1678 2655 1741 2711 in
1770 2655 1894 2713 fru-

35 2748 135 2792 ctu
163 2732 347 2790 laevis
393 2732 687 2790 omnibus.

173 2830 393 2897 Species
427 2830 616 2879 Brasil.
656 2837 740 2890 45.

182 2938 364 2988 Genus
393 2936 649 2985 Panicum
685 2946 927 2987 autorum
955 2938 1208 2992 omnium.

174 3041 369 3099 Synop
390 3041 498 3083 sis:

173 3134 215 3173 al
248 3131 415 3174 Gluma
457 3131 661 3175 inferior
702 3131 997 3185 superiorem
1041 3147 1280 3190 aequans,
1325 3142 1541 3193 quartam
1577 3131 1632 3174 ad
1672 3147 1899 3177 summum

0 3230 1 3235 ¹
37 3194 220 3243 partem
256 3188 457 3229 brevior
494 3190 565 3238 (—
598 3190 646 3230 in
682 3202 773 3230 una
815 3187 1002 3245 specie,
1053 3205 1188 3247 quam
1222 3190 1297 3232 hic.
1336 3189 1393 3231 ad
1431 3190 1603 3231 calcem
1637 3188 1901 3241 adjicimus.

39 3242 164 3283 ultra
204 3241 258 3296 ¹s3
302 3243 526 3297 h1=evior3
571 3246 685 3286 haec
724 3258 842 3285 vero
886 3244 1069 3300 species
1110 3247 1296 3301 proprii
1329 3247 1454 3287 forte
1495 3254 1563 3286 est
1594 3245 1779 3298 generi,-
1809 3248 1901 3295 -—).

0 3321 1 3324 =
39 3295 229 3338 Racomi
265 3300 380 3339 rami
411 3300 663 3355 pauciores
690 3299 963 3356 plerisque,
1015 3301 1245 3351 weitai-ii,
1292 3302 1437 3342 erecti
1485 3309 1532 3342 et
1572 3301 1897 3355 divergentes,

0 3374 3 3389 ι
41 3350 270 3408 rigiduli,
318 3356 553 3409 simplices
592 3357 670 3396 vel
715 3355 760 3395 in
794 3355 998 3397 ramulos
1028 3358 1418 3405 remotiusculoe,
1455 3354 1617 3396 itidem
1651 3354 1899 3408 rigidulos,

0 3408 2 3418 ¹
41 3405 328 3462 paucissoros
357 3407 519 3450 divisi.
578 3409 838 3452 Peduneuli
867 3411 1184 3452 crass-insonti.
1246 3412 1469 3467 Spioniae
1502 3410 1747 3466 plerisque
1789 3410 1898 3450 satis

40 3474 233 3518 magnae
265 3470 309 3504 et
337 3463 569 3519 tux-gislae.
629 3466 762 3507 Folia
787 3479 1018 3522 persaepe
1045 3467 1170 3520 lata,
1201 3467 1381 3509 ses-sitia
1411 3469 1488 3510 vel
1514 3466 1564 3506 in
1596 3463 1768 3521 petioli
1795 3478 1898 3521 spe·

1 3548 4 3556 i
47 3517 166 3559 ciem
197 3516 257 3560 ad
282 3517 416 3561 basin
454 3527 715 3563 contracta.

1238 3579 1320 3651 9*
