2100 3882
133 99 241 156 344
643 91 994 144 Gmmumm.
1068 93 1499 145 szacxiri’ocoa.

280 188 294 211 Χ

139 249 241 298 tim
286 241 678 301 subdistichae,
746 240 1087 302 imbricatae,
1150 239 1495 292 lanceolatae.
1579 240 2029 310 Hermaphrodita

140 313 493 383 pedicellata,
530 308 803 378 pedicello
842 311 1214 378 sesquilineari
1245 329 1452 361 sursum
1481 310 2028 374 villoso—barbulam,

141 387 257 451 ipsa
313 391 347 444 [4
401 381 566 430 lineas
616 380 791 446 longa.
881 381 1104 430 Glumae
1167 382 1475 441 coriaceae,
1538 379 1891 432 lanceolatae:
1950 382 2032 433 in·

137 455 314 510 ferior
367 451 528 500 dorso
583 466 845 508 convexa,
914 451 1392 515 sericeo-villosa,
1466 460 1739 511 truncata,
1815 453 2025 517 apicem
2059 460 2068 461 ’

138 539 327 576 versus
391 520 640 573 distincte
700 522 1123 585 septemnervis,
1198 521 1350 585 apice
1419 519 1599 581 fusco,
1695 521 2024 587 amplectens

140 591 477 660 superiorem
509 591 764 641 linearem
798 589 986 638 itidem
1021 590 1261 639 obtusam
1293 602 1346 640 et
1374 590 1882 640 villoso-sericeam
1905 610 2030 641 ner-

139 664 222 713 vis
267 660 440 712 tribus
483 659 675 708 crassis
723 659 984 711 viridibus
1028 660 1338 710 instructam
1383 659 1818 729 marginibusque
1864 678 2028 712 mem·

137 731 416 783 branaceis
452 728 728 777 flosculum
776 728 1202 777 circumdantem.
1295 729 1576 779 Flosculus
1625 730 1874 795 superior
1910 732 2028 783 uni-

138 801 306 856 valvis
331 836 343 858 ,
382 798 850 864 hermaphroditus
868 834 884 859 >
925 798 1125 848 valvula
1158 799 1243 846 vix
1265 799 1459 848 lineam
1486 801 1640 866 longa
1663 799 1852 850 lineari
1876 801 2030 867 apice

139 872 446 925 chartacea,
503 868 615 930 basi
653 868 1083 929 membranacea,
1136 868 1383 917 uninervi
1427 880 1480 918 et
1530 869 1744 936 glabra,
1799 870 2028 921 abeunte

140 941 197 992 in
226 940 441 990 aristam
472 939 608 987 ultra
641 940 772 987 duos
813 939 1036 1003 pollices
1069 938 1281 1003 longam
1313 936 1777 989 flexuoso-tortam
1811 941 2026 990 villoso·

141 1011 424 1062 sericeam.
500 1007 790 1057 Lodiculae
834 1007 1044 1066 fulvae,
1099 1018 1398 1068 truncatae,
1440 1025 1727 1070 carnosae,
1778 1010 2024 1077 plicatae.

139 1081 412 1132 Antherae
454 1080 616 1129 (tt-esu
659 1078 845 1126 fulvae.
935 1078 1192 1143 Stigmata
1235 1078 1719 1144 aspergilliformia.
1805 1080 2027 1141 Valvula

137 1148 352 1202 flosculi
389 1147 663 1197 inferioris
703 1145 994 1209 (neutrius)
1025 1146 1359 1214 longitudine
1397 1147 1638 1215 glumam,
1677 1149 2028 1199 lineari-lan·

142 1221 376 1276 ceolam,
426 1230 664 1268 truncata
688 1254 700 1277 ,
751 1217 1050 1278 convoluta,
1090 1217 1405 1282 pubescens,
1444 1246 1512 1254 —-
1549 1217 1766 1283 Spicula
1796 1221 2026 1271 mascula

142 1289 381 1342 sessilis.
427 1288 630 1336 obtusa.
709 1286 930 1336 Glumae
975 1287 1159 1354 quales
1204 1287 1258 1335 in
1291 1287 1757 1353 hermaphroditat:
1795 1287 2025 1339 inferior

140 1359 301 1427 paulo
341 1359 528 1415 latior,
588 1355 1069 1417 villoso-sericea3
1131 1357 1382 1422 superior
1426 1358 1656 1421 sparsim
1708 1358 2022 1424 pubescens.

141 1428 396 1484 Valvulae
426 1425 768 1474 flosculorum
802 1427 1080 1493 aequales,
1122 1426 1587 1490 membranaceae3
1645 1429 1897 1493 superior
1937 1447 2027 1477 an·

142 1499 382 1568 gustior,
424 1496 668 1546 obsolete
704 1495 991 1554 trinervis,
1048 1496 1198 1560 apice
1233 1507 1344 1546 seta
1388 1496 1530 1546 linea
1575 1498 1732 1563 paulo
1770 1497 2018 1565 longiore

141 1569 419 1637 praedit33
463 1566 690 1614 inferior
714 1566 905 1623 latior,
946 1565 1214 1627 binervis,
1255 1566 1478 1628 obtusa,
1518 1568 1732 1617 mutica.
1792 1568 2026 1618 Stamina

59 1686 65 1704 Ι
142 1649 203 1689 ut
231 1640 285 1687 in
313 1635 771 1701 hermaphrodito.
846 1635 1043 1684 Pistilli
1072 1636 1448 1687 rudimentum.
1520 1637 1815 1688 Lodiculae
1851 1639 2023 1688 mino·

142 1725 233 1760 res
261 1725 413 1778 quam
451 1707 507 1754 in
536 1704 991 1771 hermaphrodito.

284 1793 512 1843 Habitat
538 1792 591 1842 in
621 1790 865 1842 Brasilia
901 1791 1233 1849 australlcri,
1277 1797 1356 1857 Ἀ..
1431 1791 1677 1859 (Sellow.
1714 1823 1785 1836 —-
1830 1794 1947 1848 Vidi
1975 1795 2029 1846 in

144 1862 311 1917 Herb.
346 1863 481 1928 Reg.
520 1861 734 1928 Berol.)

295 1954 389 2007 Ob
411 1972 434 2004 s
455 1971 482 2002 e
499 1971 526 2002 r
544 1970 589 2004 v.
662 1952 743 2002 Ab
784 1953 827 2001 A
843 1970 875 2000 n
895 1951 927 2000 d
942 1969 1016 2002 ro
1033 1970 1066 2018 p
1085 1970 1114 2007 ο
1133 1969 1165 2019 g
1181 1971 1210 2003 o
1225 1971 1256 2001 n
1274 1952 1292 2000 i
1308 1951 1341 2001 b
1361 1970 1390 1999 u
1409 1971 1432 2002 s
1470 1953 2038 2023 (Trachypogonibus)

147 2042 222 2077 an
244 2023 636 2091 gustifolio
676 2033 727 2071 et
762 2022 1180 2083 Montufari,
1221 2025 1290 2072 H.
1332 2032 1386 2071 et
1421 2024 1514 2084 R,
1555 2023 1647 2091 qui
1684 2024 1924 2091 proxime
1956 2025 2034 2072 af-

146 2091 282 2144 fines
299 2131 312 2155 ,
382 2091 564 2142 differt
616 2092 864 2158 lanugine
921 2102 976 2140 et
1025 2092 1229 2155 spicula
1275 2093 1504 2143 mascula
1549 2093 1801 2162 setigera.
1876 2095 2038 2170 Quod

148 2163 214 2216 ad
248 2164 561 2231 Trachyp
581 2178 706 2229 ogo
726 2179 874 2213 nem
909 2162 1177 2213 mollem
1215 2162 1410 2213 attinet
1431 2199 1445 2225 ,
1501 2162 1625 2219 vide
1667 2165 1741 2215 sis
1791 2163 1848 2218 in
1883 2174 2031 2215 ante-

147 2232 482 2289 cedentibus,

482 2392 528 2442 ti.
568 2397 1144 2439 ‘rRACHYPOGON
1203 2398 1621 2438 luminosus·
1675 2388 1708 2441 ’Χ-

286 2507 377 2554 Tr.
420 2505 594 2553 culino
646 2521 858 2555 ramoso
906 2505 1063 2555 nodis
1104 2503 1686 2571 appresso-barbatis,
1739 2502 1890 2554 foliis
1926 2519 2038 2554 sca-

149 2572 292 2633 bris,
331 2575 537 2641 vaginis
577 2592 806 2640 superne
852 2575 1066 2642 pilosiS,
1109 2575 1270 2641 ligula
1307 2586 1456 2624 ovata
1495 2574 1677 2635 brevi,
1711 2574 1884 2641 ,spicis
1917 2574 2039 2622 sub-

151 2644 321 2693 ternis
359 2645 611 2707 alternis,
664 2644 845 2693 rhachi
877 2646 941 2694 ad
988 2645 1233 2712 genicula
1278 2644 1638 2708 pubescente,
1692 2644 1883 2713 glumis
1928 2643 2038 2709 spi-

149 2713 298 2763 culae
328 2713 524 2764 fertilis
569 2713 920 2780 pedicellatae
973 2714 1471 2772 sericeo-villosiS,
1512 2716 1674 2763 arista
1722 2713 2034 2781 longissima

150 2779 266 2834 basi
293 2784 464 2850 pilosa
487 2820 499 2844 ,
538 2785 799 2833 masculae
829 2784 1018 2851 glumis
1046 2785 1248 2835 minute
1277 2783 1710 2849 pubescentibus.

287 2872 656 2940 Andropogon
695 2872 994 2939 plumosus‚
1034 2871 1102 2921 H.
1129 2880 1178 2921 et
1208 2869 1275 2920 H.
1308 2869 1445 2920 Νου.
1479 2869 1541 2919 G.
1570 2879 1619 2919 et
1641 2868 1730 2938 Sp.
1761 2868 1806 2920 I.
1829 2888 1884 2938 p.
1926 2879 2035 2933 ¹49·

356 2938 562 2989 Runtlz.
598 2946 731 3009 32371.
764 2940 810 2990 I.
835 2961 890 3007 ρ.
924 2953 1039 3005 240.
1080 2941 1148 2991 R.
1173 2951 1220 2991 et
1249 2939 1368 2989 Sch.
1396 2937 1448 2990 S.
1493 2945 1545 2991 Γ,
1575 2937 1652 2989 II.
1673 2959 1729 3007 ρ.
1760 2941 1882 3007 819.
1911 2936 2031 3007 Spr-

357 3006 410 3057 S.
455 3016 506 3062 V.
550 3015 594 3059 J.
626 3030 682 3077 ρ.
719 3014 836 3062 285.

290 3104 336 3150 β.
379 3099 530 3150 soliis
572 3099 972 3150 hirsutiusculis
1010 3099 1216 3167 vaginis
1252 3098 1477 3149 villosis.

289 3180 520 3235 Habitat
548 3208 592 3235 οι.
621 3187 672 3236 in
702 3186 903 3253 campis
931 3185 1002 3234 ad
1030 3185 1317 3235 Almelrim
1352 3202 1512 3252 prov.
1554 3182 1861 3236 Parait'nsz's.
1915 3183 2046 3236 Ho-

151 3262 234 3304 ret
258 3254 462 3323 Aprili.
537 3254 850 3317 (Martius'ss)
923 3254 985 3303 In
1016 3265 1170 3304 vasta
1193 3254 1423 3323 planitie
1443 3292 1457 3315 ,
1496 3257 1742 3323 gramine
1773 3272 1900 3305 raro
1929 3273 2038 3306 ves-

149 3322 285 3385 rita,
334 3322 439 3388 (los
490 3323 702 3376 Llanos
752 3327 818 3376 de
860 3323 1250 3389 Barcellona),
1295 3333 1521 3393 propter·
1570 3325 1712 3376 Villa
1757 3325 1847 3376 del
1890 3322 2040 3389 Pac,-

151 3393 278 3442 item
313 3392 365 3444 in
402 3394 651 3446 convalle
694 3393 979 3462 Caripensc'
1015 3393 1465 3458 Cumanensiam,
1514 3395 1655 3446 altit.
1697 3406 1798 3459 240
1843 3394 2040 3462 hexap.

153 3463 466 3531 Septembri.
520 3465 613 3531 (ab
654 3464 881 3532 Humb.)
929 3472 1008 3534 η..
1083 3465 1240 3533 (Vidi
1278 3465 1332 3516 in
1377 3463 1544 3517 Herb.
1579 3464 1715 3535 Reg.
1745 3463 1935 3516 Ber-ol.
1973 3493 2042 3507 --
