2100 3882
611 147 957 197 (ΞιΒΑΜιΝ-ΕΑΕ.
1031 146 1394 196 EnAGnos'ris.
1831 140 1935 203 507

216 295 315 347 Ob
337 312 508 349 serv.
587 294 739 345 Anne
790 295 927 344 Poa
991 311 1241 360 aspera
1322 296 1509 362 Jacq.
1587 309 1733 342 mera
1779 294 1938 361 hujus

80 365 338 423 varietas,
378 367 581 414 cultura
622 362 927 412 luxurians?
989 367 1125 414 Tum
1153 382 1284 418 vero
1316 381 1513 415 nomen
1547 363 1816 432 antiquius
1854 365 1937 416 fo-

78 444 163 485 ret
197 434 598 485 restituendum.

400 577 468 615 11.
515 576 996 616 ERAGROSTIS
1038 579 1530 617 PoLrTRICnA.
1565 570 1596 622 †

218 666 282 715 Ε.
327 663 570 730 panicula
619 663 1342 726 racemoso-decomposita,
1393 667 1554 715 ramis
1599 664 1938 717 verticillatis

80 732 340 801 elongatis
375 732 710 789 divaricatis,
749 730 1220 781 ramificationibus
1258 735 1501 784 omnibus
1553 737 1711 804 longe
1756 735 1943 785 barba-

80 804 179 862 tis,
244 804 460 867 spiculis
516 801 967 868 ovato-oblongis
1013 800 1366 862 subtrissoris,
1441 805 1639 853 valvula
1680 805 1940 855 inferiore

80 873 342 931 trinervi,
382 873 555 922 culmo
598 882 813 931 erecto,
871 871 1022 921 soliis
1075 871 1368 921 linearibus
1410 875 1724 946 vaginisque
1765 875 1940 925 hirsu-

76 941 325 991 tissimis:

214 1029 482 1084 Variat:
520 1047 566 1078 x.
604 1028 816 1091 rbachi,
868 1039 1083 1094 praeter
1114 1027 1338 1089 barbas,
1378 1027 1594 1096 glabra;

212 1124 260 1170 β.
298 1117 483 1166 rhachi
514 1116 747 1178 hirsuta,
787 1116 1028 1184 panicula
1065 1117 1289 1166 minore.

211 1205 383 1255 Radix
428 1205 668 1273 obliqua,
725 1203 874 1254 fibris
927 1202 1181 1262 flexuosis
1227 1204 1744 1255 ruso-tomentosis.
1817 1204 1940 1256 Cul-

75 1292 188 1324 mus
221 1274 422 1341 pedalis
469 1286 522 1324 et
572 1275 990 1342 sesquipedalis,
1052 1275 1292 1323 crassitie
1335 1292 1539 1341 pennae
1582 1273 1936 1336 columbinae,

77 1356 322 1403 erectus,
393 1345 935 1409 compressiusculus,
1004 1343 1197 1405 laevis,
1264 1344 1634 1409 quadrinodis‚
1693 1345 1936 1410 simplex,

75 1423 218 1462 totus
250 1413 312 1462 ad
346 1414 641 1480 paniculam
682 1431 851 1481 usque
886 1413 1177 1479 vaginatus.
1249 1415 1487 1480 Vaginae
1527 1425 1734 1474 arctae,
1784 1415 1939 1463 stria-

74 1493 189 1542 tae‚
231 1483 353 1548 pilis
388 1484 563 1549 longis
602 1484 906 1548 patentibus
940 1484 1103 1542 albis,
1154 1481 1449 1532 tuberculis
1479 1484 1777 1549 impositi8‚
1826 1483 1940 1531 hir-

75 1553 394 1603 sutissimae.
470 1554 658 1620 Ligula
687 1553 939 1603 obsoleta.
1015 1553 1166 1602 Folia
1201 1553 1430 1601 culmum
1475 1553 1593 1602 fere
1639 1553 1934 1620 aequantia,

75 1622 452 1689 sesquilineam
486 1622 614 1684 lata,
654 1624 907 1681 linearia,
961 1622 1016 1670 in
1054 1625 1258 1687 apicem
1299 1622 1939 1672 convoluto-subulatum

75 1702 371 1752 attenuata,
428 1693 801 1756 rigidiuscula,
863 1692 1000 1740 facie
1054 1692 1398 1740 subtilissime
1446 1694 1630 1741 striata
1676 1703 1728 1741 et
1781 1692 1936 1757 palli-

72 1760 222 1809 diora
247 1797 260 1821 ,
300 1761 581 1828 utrinque,
624 1773 680 1810 ut
711 1761 961 1826 vaginae,
1015 1761 1234 1810 hirsuta.
1307 1762 1560 1811 Panicula
1592 1761 1800 1810 ratione
1829 1761 1937 1811 cul-

70 1830 144 1878 mi
194 1831 547 1896 amplissima,
625 1832 897 1879 dimidiam
941 1832 1095 1879 istius
1149 1831 1539 1896 longitudinem
1587 1833 1931 1897 amplectens,

70 1911 266 1948 erecta.
354 1900 584 1949 Rhachis
646 1901 914 1968 angulata,
981 1901 1337 1949 scabriuscula
1385 1902 1472 1951 vel
1523 1902 1683 1949 etiam
1726 1902 1932 1950 villosa.

69 1970 223 2018 Rami
284 1968 571 2019 inferiores
620 1969 650 2019 3
703 1998 770 2007 —
809 1972 841 2019 8
919 1970 1142 2035 pollices
1204 1969 1382 2036 longi,
1466 1970 1936 2022 verticillatoterni

66 2038 154 2090 vel
197 2040 472 2106 quaterni,
543 2052 662 2104 post
720 2039 964 2087 anthesin
1013 2039 1268 2099 refracti,
1334 2039 1450 2088 basi
1499 2040 1714 2098 callosi,
1791 2055 1938 2088 corn-

69 2109 276 2174 pressi,
318 2109 491 2157 scabri
536 2120 693 2177 atque
724 2121 828 2159 tam
873 2110 927 2156 in
968 2109 1177 2176 origine
1218 2127 1373 2176 quam
1417 2108 1480 2157 ad
1524 2110 1848 2158 ramulorum
1880 2119 1936 2159 et

67 2177 453 2243 pedicellorum
504 2180 685 2226 axillas
721 2189 949 2227 setarum
978 2178 1252 2244 longarum
1290 2178 1548 2228 fasciculo
1581 2179 1814 2239 barbati3
1852 2196 1935 2227 ra-

67 2247 199 2295 muli
236 2247 550 2311 simpliciter
588 2248 880 2306 racemosi,
932 2260 1204 2312 patenteS‚
1261 2248 1552 2297 inferiores
1596 2247 1929 2315 quadrissori‚

65 2316 231 2365 medii
269 2316 483 2376 bissori,
534 2318 722 2365 summi
770 2314 1005 2366 unissori.
1090 2318 1243 2366 Rami
1294 2317 1483 2366 summi
1521 2319 1796 2383 paniculae
1845 2317 1932 2368 vel

67 2385 384 2452 simpliciter
415 2388 677 2436 raceinosi
710 2386 793 2435 vel
827 2387 1042 2435 ramulis
1081 2386 1292 2435 bissoris
1320 2388 1587 2440 instructi.
1661 2387 1929 2437 Pedicelli

61 2454 379 2514 bilineares,
420 2456 850 2522 erecto-patuli,
904 2456 1093 2505 scabri.
1170 2457 1417 2522 Spiculae
1475 2456 1670 2505 lineam
1716 2458 1926 2523 longae,

62 2525 294 2592 primum
324 2526 612 2592 oblongae,
673 2526 797 2573 dein
837 2525 904 2574 ol)
944 2524 1195 2575 flosculos
1233 2527 1548 2575 divaricatos
1587 2527 1842 2577 obovatae
1872 2537 1930 2576 et

67 2593 313 2656 obtusae,
356 2596 600 2662 glabrae,
640 2595 869 2652 virides,
908 2595 1030 2644 hinc
1072 2595 1192 2644 inde
1236 2595 1583 2656 lutescentes,
1635 2596 1927 2646 inferiores

61 2662 316 2724 bissorae,
362 2666 667 2730 superiores
709 2662 962 2714 trissorae.
1037 2664 1255 2714 Glur'nae
1293 2666 1924 2731 oblongo-lanceolatae,

61 2730 338 2782 flosculum
393 2735 709 2784 inferiorem
760 2745 1079 2801 aequantes,
1137 2735 1315 2783 carina
1363 2734 1610 2794 scabrae,
1660 2736 1928 2784 lutescen-

62 2812 176 2851 tes:
217 2803 445 2853 inferior
471 2805 719 2864 brevior,
759 2817 922 2854 acuta.
994 2804 1366 2853 Flosculorum
1399 2806 1632 2855 valvulae
1675 2805 1925 2874 aequales

61 2871 402 2941 ejusdemque
452 2874 567 2922 fere
612 2884 878 2923 texturae:
933 2873 1164 2922 inferior
1205 2873 1544 2934 lato-ovata,
1598 2886 1772 2934 acuta,
1828 2875 1925 2923 tri-

0 2953 3 2956 ’
57 2942 270 2991 nervis:
309 2945 554 3009 superior
584 2943 850 3001 binervis,
891 2944 1050 2992 dorso
1085 2944 1717 3011 excavatalateribusque
1758 2942 1924 2994 defle-

56 3011 135 3059 xis
178 3013 455 3079 caryopsin
500 3014 856 3079 amplectens,
908 3014 973 3062 ad
1011 3011 1242 3062 flexurae
1288 3016 1506 3080 angulos
1553 3014 1754 3064 scabra.
1827 3015 1921 3065 Ca-

61 3082 265 3145 ryopsis
292 3094 469 3141 ovata,
507 3083 685 3141 fusca,
724 3082 910 3132 libera.

198 3147 422 3199 Habitat
460 3171 506 3201 οι.
539 3151 591 3200 in
619 3149 861 3200 Brasilia
899 3150 1130 3202 australi
1160 3149 1373 3202 Sellow.
1414 3179 1482 3191 -—
1531 3151 1644 3204 Vidi
1671 3151 1724 3200 in
1754 3147 1919 3203 Herb-

55 3214 193 3285 Reg.
242 3217 427 3271 Berol.
467 3249 532 3260 —-
568 3229 616 3275 β.
656 3220 708 3269 in
741 3222 940 3289 campis
985 3221 1181 3272 limosis
1218 3219 1343 3271 altis
1377 3240 1548 3290 prope
1600 3219 1734 3273 Villa
1777 3218 1916 3269 Rica

53 3285 278 3354 aliisque
310 3287 438 3339 locis
463 3291 776 3358 provinciae
806 3291 1132 3355 llIinarivn5
1169 3320 1238 3329 ——-
1273 3291 1473 3358 Aprili.
1515 3289 1746 3355 (Mart.)
1785 3295 1842 3351 Θ

197 3358 481 3411 Observ.
554 3362 775 3411 Accedit
823 3361 954 3413 haec
1000 3364 1368 3427 Eragrosti
1421 3357 1760 3427 capillari
1813 3356 1910 3421 (cf.

57 3426 192 3478 Adn.
225 3428 288 3477 ad
315 3431 500 3496 Eragr.
534 3449 610 3497 sp.
637 3432 737 3490 8.),
792 3450 821 3480 a
864 3451 965 3500 qua
1014 3432 1196 3482 differt
1229 3431 1482 3480 foliorum
1518 3440 1570 3478 et
1603 3427 1911 3495 vaginarum

52 3496 252 3567 insigni
288 3497 547 3562 hirsutie,
598 3500 841 3568 panicula
880 3502 1103 3554 maxime
1146 3499 1434 3555 divaricata
1467 3497 1754 3567 barbisque
1789 3496 1909 3551 lon-
