2100 3882
389 183 738 232 Gariannum.
810 180 1169 232 Onsnau'no
1208 191 1612 248 cnocnnmcuj
1823 179 1925 243 543

63 330 306 380 volumen
340 331 624 380 secundum
656 328 963 387 comitatur,
1004 327 1248 388 indicavi,
1287 328 1740 394 physiognomiam
1773 346 1923 378 mon-

62 401 227 456 tium,
291 400 382 467 qui
429 401 568 448 inter
628 397 1089 463 Sebastianopolin
1147 411 1199 447 et
1242 399 1293 446 S.
1337 399 1488 446 Pauli
1528 399 1792 449 civitatem
1829 400 1925 449 de-

63 479 315 524 currunt,
371 467 831 535 vegetationisque
888 467 1055 516 varias
1107 468 1280 527 vices,
1338 466 1541 516 ibidem
1597 467 1920 529 obtinentes,

63 536 416 602 depingendo.

201 607 374 655 Simili
410 605 650 662 ratione,
714 617 772 650 ac
813 601 877 651 de
918 603 1230 652 Bambuseis
1271 605 1393 655 heic
1434 617 1773 657 monstratum
1816 619 1913 667 est,

60 685 113 724 et
146 675 352 740 reliqua
382 674 613 740 gramina
654 682 797 720 certa
825 672 944 737 lege
971 671 1071 735 jam
1099 673 1252 721 altius
1289 676 1609 724 adscendere
1631 712 1642 734 ,
1681 677 1783 741 jam
1817 678 1914 724 mi-

57 761 154 793 nus
192 745 319 800 alte,
371 743 474 808 jam
518 743 571 789 in
617 741 737 790 imis
791 741 1106 791 convallium
1151 741 1283 791 locis
1327 744 1563 794 habitare
1603 763 1913 810 persuasum

56 812 326 861 habemuS.
412 814 621 861 Desunt
666 827 791 858 vero
845 810 910 859 de
948 809 1047 858 hac
1090 826 1149 857 re
1192 811 1591 863 ohservationes
1635 832 1753 864 cum
1790 833 1915 866 cura

0 897 2 927 t
58 882 360 938 institutae,
417 898 549 948 quae
593 899 619 928 a
661 879 1121 946 peregrinantibus
1169 880 1520 942 difficillime,
1589 901 1764 953 neque
1806 887 1913 935 rite

56 952 163 999 nisi
202 950 264 998 ab
301 950 562 1013 ejusmodi
614 960 830 997 naturae
880 948 1105 998 curiosis
1156 949 1359 999 institui
1411 965 1661 1016 possunt,
1722 955 1911 1022 quibus

54 1021 258 1084 plantae
282 1020 403 1068 illae
426 1020 529 1069 sint
546 1018 692 1086 quasi
709 1018 1046 1067 domesticae.
1078 1021 1197 1066 Hoc
1216 1029 1387 1067 tamen
1408 1021 1461 1068 in
1480 1023 1783 1072 universum
1802 1024 1914 1074 dici

53 1089 313 1154 potuerit,
370 1089 608 1154 Stipeas,
648 1090 931 1154 Agrosteas
969 1099 1020 1137 et
1055 1090 1304 1154 quasdam
1342 1092 1627 1140 Festuceas
1666 1094 1817 1142 altius
1856 1094 1911 1142 in

53 1169 258 1206 montes
305 1159 660 1212 adscendere,
714 1174 866 1224 quam
916 1157 1150 1224 reliquas
1203 1158 1471 1223 plurimas.
1544 1164 1639 1221 Et,
1692 1164 1737 1211 si
1792 1163 1909 1230 qui-

53 1227 174 1275 dem
208 1228 261 1275 in
299 1228 630 1293 generaliora
676 1226 903 1274 animum
954 1227 1316 1283 intendamus,
1372 1229 1423 1276 id
1470 1230 1626 1279 nobis
1677 1243 1910 1282 statuen-

51 1296 174 1344 dum
207 1296 444 1355 videtur,
498 1297 870 1361 amplissimam
904 1295 1234 1345 diversorum
1267 1300 1556 1364 graminum
1600 1303 1801 1366 copiam
1842 1319 1907 1351 eo

50 1365 422 1414 humilioribus
449 1384 602 1430 supra
631 1365 903 1415 Oceanum
937 1366 1454 1417 soli-elevationibus
1478 1371 1748 1436 propriam
1770 1389 1906 1433 esse,

53 1453 157 1502 quo
210 1436 373 1500 magis
425 1453 450 1483 a
491 1435 726 1499 Tropico
780 1435 1093 1500 Capricorni
1152 1454 1333 1485 versus
1382 1441 1735 1507 Aequalorem
1783 1459 1910 1506 pro-

50 1504 222 1554 cedas,
294 1504 497 1554 Pendet
546 1504 646 1554 hoc
685 1523 710 1553 a
752 1505 1005 1572 singulari
1045 1505 1145 1554 soli
1203 1507 1497 1558 elevatione
1563 1511 1726 1560 totius
1777 1515 1908 1560 Bra·

52 1575 232 1633 sillae,
285 1574 426 1642 quod
462 1574 555 1622 sub
605 1576 840 1639 Tropico
891 1591 1024 1624 2000
1064 1586 1116 1623 et
1166 1576 1308 1644 quod
1346 1579 1556 1627 excedit
1592 1580 1782 1644 pedum
1822 1598 1907 1629 su-·-.

49 1661 143 1709 pra
197 1661 337 1693 mare
391 1645 582 1702 altum,
641 1642 765 1692 inde
815 1661 997 1693 versus
1046 1648 1322 1701 Austrum,
1378 1649 1803 1713 Septentrionem
1857 1661 1910 1700 et

52 1713 397 1762 Occidentem
447 1714 760 1772 inclinatur,
830 1713 900 1761 ita
949 1725 1006 1763 ut
1067 1714 1110 1762 si
1169 1713 1333 1782 fingas
1385 1717 1574 1766 lineam
1630 1720 1906 1787 quandam,

50 1782 105 1829 in
144 1801 267 1850 qua,
307 1783 427 1831 loco
465 1783 750 1846 sylvarum,
790 1783 1024 1849 gramina
1061 1786 1376 1849 proveniant
1413 1804 1471 1836 ac
1508 1792 1561 1835 1'n
1599 1801 1746 1854 prata
1783 1807 1909 1841 con-

47 1862 310 1910 texantur,
332 1851 460 1901 haec
483 1869 646 1916 prope
667 1852 956 1916 Tropicum
982 1868 1129 1907 2000,
1171 1857 1301 1903 2500
1330 1856 1489 1906 immo
1511 1857 1646 1907 3ooo
1669 1860 1784 1923 ped.
1805 1861 1906 1910 alta

48 1936 204 1986 snpra
243 1921 514 1972 Oceanum
552 1921 862 1987 apparebit,
931 1921 1161 1989 indeque
1203 1941 1382 1972 versus
1422 1930 1776 1993 Aequatorem
1813 1931 1905 1981 dc·

48 1990 299 2050 scendet,
351 2001 407 2039 ut
456 1990 531 2039 ibi
585 1991 791 2039 tandem
842 1991 1012 2056 ipsius
1050 1993 1206 2040 maris
1245 1993 1400 2058 plano
1438 1996 1717 2046 incumbat.
1789 2004 1904 2054 Hac

44 2060 249 2108 ratione
275 2060 445 2125 campi
473 2060 703 2107 omnium
737 2060 979 2109 altissimi
1017 2061 1151 2110 intra
1190 2064 1477 2129 'l'ropicum
1517 2077 1569 2114 et
1614 2077 1750 2128 1Qum
1789 2089 1903 2137 gra-

46 2128 164 2176 dum
217 2129 581 2189 lan-australis
621 2129 825 2178 obviam
865 2131 1111 2190 veniunt3
1157 2131 1259 2196 jam
1299 2135 1462 2200 magis
1502 2137 1773 2202 magisque
1813 2141 1904 2191 de..

46 2197 208 2247 clives
259 2212 309 2248 et
356 2198 665 2248 humiliores
702 2199 756 2246 in
793 2199 1141 2249 interioribus
1178 2204 1569 2266 provinciarum
1606 2205 1901 2270 Bahiensis,

42 2269 531 2323 Pernambucanae,
574 2269 853 2317 Cearensis
893 2279 946 2317 et
982 2273 1438 2336 Maragnanensis,
1488 2293 1655 2343 usque
1692 2277 1810 2326 dum
1850 2282 1903 2329 in

42 2337 265 2402 pingues
304 2338 423 2386 illos
471 2353 682 2402 campos
719 2337 996 2387 inundatos
1033 2338 1173 2403 juxta
1213 2338 1424 2390 fluvium
1463 2346 1780 2394 Amazonum
1816 2367 1900 2399 ex-

42 2418 289 2465 currunt,
333 2407 457 2474 qui,
508 2407 644 2454 haud
681 2409 869 2472 procul
915 2425 942 2456 a
991 2409 1123 2455 mari
1171 2409 1332 2477 idque
1389 2412 1665 2464 altitudine
1717 2436 1898 2484 parum

44 2487 384 2539 superantes,
442 2493 629 2525 versus
670 2475 923 2539 Gujanam
960 2476 1199 2542 gallicam
1238 2482 1588 2532 extenduntur
1613 2522 1624 2544 ‚
1678 2489 1732 2537 in
1786 2502 1894 2537 tan·

42 2554 145 2592 tam
185 2545 582 2610 amplitudinem
621 2544 832 2604 diffusi,
883 2557 938 2594 ut
977 2549 1406 2614 peregrinatores
1465 2569 1558 2601 acu
1610 2562 1896 2617 magnetica

39 2630 172 2677 opus
221 2613 447 2663 habeant
493 2626 861 2682 astrorumque
914 2617 1315 2683 observatione,
1367 2640 1472 2671 non
1521 2610 1709 2677 minusk
1742 2646 1800 2678 ac
1841 2629 1894 2678 in

40 2682 258 2731 Oceano
318 2695 536 2742 nautae,
607 2701 673 2733 ne
728 2685 1079 2734 directionem
1131 2688 1338 2739 itineris
1398 2693 1633 2757 perdant.
1724 2699 1893 2773 Quam

39 2752 106 2800 ob
140 2768 252 2800 rem
289 2752 482 2801 lineam
504 2753 662 2808 hanc,
704 2772 855 2821 quam
888 2755 1295 2822 descripsimus,
1328 2760 1449 2827 jure
1485 2760 1714 2815 Lineam
1750 2785 1892 2817 cam-

31 2837 226 2886 porum
277 2822 528 2871 dicemus.
623 2824 772 2898 Quae
821 2824 1032 2891 quidem
1081 2827 1221 2876 linea
1272 2829 1351 2877 id¹
1387 2834 1660 2899 proprium
1708 2837 1885 2901 habet,

39 2891 182 2957 quod
230 2890 285 2939 in
338 2891 648 2956 regionibus
707 2894 1106 2943 australioribus
1161 2897 1332 2960 sylvae
1383 2898 1488 2949 sint
1535 2902 1672 2954 infra
1729 2908 1885 2968 illam,

37 2975 192 3024 supra
266 2976 392 3010 vero
475 2961 617 3008 illam
687 2961 741 3010 in
801 2960 1121 3012 borealibus.
1217 2968 1420 3034 Nempe
1481 2971 1534 3019 in
1595 2978 1890 3039 provinciis

37 3028 91 3075 S.
129 3029 309 3089 Pauli,
362 3030 652 3089 Minarum,
711 3046 811 3078 nec
846 3049 951 3081 non
989 3032 1041 3080 in
1083 3045 1227 3096 parte
1270 3039 1573 3100 provinciae
1611 3045 1888 3098 Bahiensis

34 3112 139 3144 non
189 3097 342 3158 alibi,
396 3117 546 3166 quam
593 3100 964 3149 humilioribus
1010 3101 1144 3150 locis
1191 3117 1345 3173 atque
1395 3109 1458 3158 ad
1508 3112 1650 3178 ripas
1697 3113 1886 3166 fluvio-

36 3182 180 3224 rum,
220 3183 317 3231 per
352 3184 562 3234 campos
601 3170 1029 3230 decurrentium,
1070 3172 1240 3236 sylvae
1278 3176 1447 3226 locum
1476 3180 1703 3243 habent,
1745 3188 1888 3252 quod

34 3235 245 3282 nonnisi
290 3235 373 3284 his
423 3238 549 3286 locis
599 3239 884 3298 humores,
956 3241 1146 3307 quibus
1198 3247 1531 3306 nutriantur,
1587 3253 1885 3317 inveniant3

37 3315 220 3350 contra
267 3303 320 3350 in
371 3305 674 3355 borealibus
721 3308 1031 3375 regionibus
1069 3322 1310 3371 montes,
1362 3317 1546 3384 illique
1598 3320 1712 3370 fere
1766 3324 1884 3384 soli,

35 3371 197 3435 sylvas
235 3371 531 3437 recipiunt,
571 3378 787 3425 nubium
823 3378 1235 3446 nebulai-umque
1269 3382 1576 3436 humoribus
1619 3389 1881 3455 rigandas‚

33 3440 156 3488 dum
206 3440 482 3504 planities,
537 3446 820 3510 quotannis
877 3448 1067 3496 canino
1119 3449 1292 3499 sidere
1347 3466 1588 3519 exustae,
1645 3458 1887 3511 arbore-9·-

32 3509 262 3594 centium
298 3509 589 3577 plantarum
625 3531 843 3564 amoena
878 3515 1068 3567 fronde
1107 3531 1331 3570 careant.
