2100 3882
206 140 306 194 586

204 286 379 353 Atque
418 282 542 333 inde
579 265 875 347 accipiunt:
929 277 1128 329 etenim
1180 288 1293 328 rota
1348 262 1585 338 concita,
1636 296 1793 347 gyros

196 376 338 424 Dum
374 369 610 438 peragit,
646 367 875 417 medium
916 365 1088 415 valido
1124 375 1265 414 rotat
1301 383 1394 414 axe
1432 366 1757 430 cylindrum,

199 461 595 526 Admorsosque
633 457 761 506 alios
801 456 847 505 is
870 454 1094 504 ‘tandem
1131 453 1285 525 pellit
1323 454 1378 501 in
1415 454 1616 502 orbem.

202 549 400 602 Verum
449 545 522 594 ita
580 544 843 611 contiguis
894 544 947 591 in
1005 542 1142 591 mole
1180 541 1481 607 tricorpore
1520 541 1686 609 tergis

197 635 369 701 Ligna
405 633 779 691 revolvuntur,
817 631 964 681 tenui
1003 642 1060 679 ut
1098 629 1405 678 discrimine
1445 631 1669 690 distent,

197 724 311 773 Nec
365 721 564 788 digitos
615 721 829 786 impune
884 720 1085 769 sinant:
1126 737 1248 777 nam
1282 735 1438 782 saepe
1479 717 1722 768 terendas

195 814 339 862 Dum
388 826 578 859 cannas
626 808 852 875 aliquis,
908 807 1089 856 dextra
1136 805 1493 872 prigritante‚
1550 816 1761 873 trapeto

198 898 427 964 Subjicit
465 896 799 963 impr-iidem,
840 912 937 944 nec
974 906 1113 943 tanta
1151 892 1389 960 pericula
1427 893 1594 952 cavit,

196 986 349 1037 Heu!
390 985 612 1052 digitum
650 985 824 1034 subito
862 994 1164 1048 correptum
1204 981 1336 1030 vidit
1373 981 1533 1029 hiatu.

200 1073 481 1139 Extemplo
521 1072 748 1139 digitum
783 1090 962 1120 manus
1001 1072 1205 1136 integra
1229 1105 1241 1129 ‚
1281 1079 1392 1118 tota
1433 1080 1725 1137 sequuntur

194 1161 454 1222 Brachia,
495 1171 546 1208 et
585 1160 799 1209 omnino
839 1157 1098 1207 diffractis
1140 1155 1354 1205 ossibus*
1385 1175 1538 1206 omne

196 1250 402 1314 Corpus
442 1260 558 1308 eat,
598 1247 887 1299 scatebram
925 1246 1029 1294 nisi
1069 1245 1187 1313 quis
1223 1245 1484 1294 discludat
1521 1260 1787 1311 aquarum,

188 1326 571 1405 Deciduosque
623 1326 717 1385 suo
767 1334 1090 1399 represserit
1144 1332 1321 1397 objice
1370 1333 1564 1382 fontes.

192 1429 264 1477 At
298 1444 464 1476 seram
506 1425 731 1473 fortasse
770 1425 890 1472 tulit
926 1440 1011 1471 res
1048 1421 1136 1469 illa
1177 1422 1420 1470 salutem:

190 1515 431 1566 Elicibus
470 1531 779 1581 quamquam
816 1512 1005 1572 clausis
1042 1511 1177 1558 nihil
1214 1507 1393 1558 affluat
1431 1508 1629 1568 undae,

188 1606 334 1653 Mota
374 1615 539 1651 tamen
579 1617 826 1658 cursum,
867 1610 1226 1665 coeptumque
1265 1597 1495 1646 rotatilis
1534 1596 1720 1646 orbem

188 1691 430 1742 Machina
469 1700 658 1755 sponte
697 1706 818 1746 sua,
860 1687 1006 1736 nullo
1046 1687 1390 1753 impellente,
1431 1685 1673 1752 peregit,

192 1778 334 1831 Dum
374 1788 546 1828 motus
585 1777 737 1842 prior
775 1775 897 1835 ille,
950 1785 1002 1824 et
1040 1775 1116 1824 vis
1154 1774 1411 1841 impressa
1447 1773 1739 1840 relanguet.

197 1869 288 1919 Nil
327 1867 488 1917 satius
509 1846 542 1926 ,κ
561 1866 751 1915 stricto
788 1881 942 1932 quam
978 1862 1145 1931 siquis
1186 1863 1398 1924 acinace
1438 1871 1648 1927 captum

194 1956 506 2009 Absciderit
545 1953 777 2002 cubitum
800 1989 813 2013 ,
871 1969 938 2000 ne
975 1962 1185 2000 caetera
1223 1948 1458 1999 membra
1497 1948 1781 1998 trahantur.

170 2044 452 2097 ‘Insidiosa
490 2042 642 2110 quies
682 2040 816 2089 male
853 2051 978 2087 tunc
1017 2038 1257 2103 obrepsit
1296 2037 1512 2098 ocelli53

183 2124 545 2199 Pervigilant,
578 2124 776 2197 ¹quibus
814 2112 1072 2194 obtigerit
1110 2143 1226 2175 sors
1263 2125 1391 2173 illa:
1432 2135 1679 2173 canentes

181 2220 477 2272 Excutiunt
513 2218 718 2283 pariter
755 2232 997 2273 somn08‚
1038 2214 1331 2280 falluntque
1363 2212 1626 2279 laborem.

182 2309 427 2361 Fabellas
465 2291 639 2372 patrio
676 2305 858 2372 longas
898 2314 1144 2351 sermone
1182 2311 1458 2363 retexunt,

182 2401 405 2449 Munera
444 2393 658 2461 partiti:
698 2408 886 2441 cannas
925 2390 1048 2438 huic
1086 2389 1312 2439 subdere
1348 2387 1530 2455 praelo

185 2488 345 2537 Sorte
384 2484 589 2542 datum3
629 2496 904 2547 expressas
941 2496 1150 2527 rursum
1186 2477 1386 2545 ingerit
1421 2477 1541 2536 ille,
1581 2475 1805 2544 liquoris

185 2577 258 2626 Et
296 2572 476 2641 siquid
511 2569 707 2637 reliqui
746 2579 860 2626 est,
903 2583 1224 2635 succumque
1263 2564 1497 2620 exactius
1537 2581 1748 2616 omnem

186 2663 379 2713 Elicit:
419 2659 661 2717 exuvias,
699 2671 1026 2734 exsuccaque
1062 2655 1286 2710 frustula
1324 2653 1562 2712 demum,

184 2751 487 2818 Angentem
522 2758 799 2814 postquam
836 2742 1060 2805 tulerint
1097 2752 1180 2800 bis
1222 2759 1404 2820 pressa
1441 2751 1725 2807 trapetem‚

185 2837 432 2904 Colligit,
474 2844 823 2904 exportatque
862 2831 1026 2885 alter,
1065 2826 1380 2891 cumuloque
1419 2847 1686 2895 reponens

181 2926 418 2992 Aggerat
454 2924 702 2975 immissis
742 2918 1041 2989 gratissima
1079 2914 1265 2981 pabula
1302 2914 1554 2973 flammis,

180 3013 332 3063 Unde
370 3023 581 3078 petant,
620 3009 833 3061 steriles
872 3022 976 3074 quo
1016 3004 1404 3054 foecundentur
1442 3004 1632 3071 agelli,

181 3101 468 3168 Agricolae
506 3101 760 3149 cinerem.
833 3096 1012 3161 Usque
1052 3092 1183 3141 adeo
1223 3093 1298 3141 nil
1332 3109 1548 3158 prorsus
1597 3091 1834 3159 ineptum

182 3188 424 3239 Utilitate
462 3198 641 3246 vacat,
684 3184 829 3234 nullo
867 3198 965 3230 nec
1005 3180 1206 3245 profuit
1241 3198 1364 3239 usu,

181 3275 482 3327 Dummodo
525 3292 648 3324 cura
685 3289 837 3339 sagax
860 3307 872 3330 ‚
911 3269 1230 3334 minimeque
1267 3267 1525 3316 industria
1566 3270 1718 3319 (lesit.

321 3365 461 3413 Dum
496 3365 657 3430 pleno
700 3371 861 3408 totum
901 3374 1057 3405 cursu
1096 3354 1188 3404 Sol
1225 3353 1415 3402 circuit
1454 3373 1628 3419 axem,

184 3448 414 3503 Vicenas
455 3463 507 3501 et
545 3453 776 3522 quinque
817 3454 975 3508 vehes
1016 3441 1223 3511 exsugit
1255 3451 1464 3492 onustas
