2100 3882
164 146 269 201 608
680 143 958 193 ΑοοΕΝοΑ
996 157 1063 191 Εἰ·
1111 140 1482 193 EMENDANDA.

164 305 215 350 p.
248 295 340 337 107.
372 289 403 332 Ι.
433 294 482 336 9.
513 288 617 345 lege
647 294 740 336 9-
761 294 840 339 15,
873 288 982 331 loco
1015 293 1190 335 7—15.

172 395 224 441 p.
254 387 351 428 300.
382 381 413 423 l.
449 385 514 427 19.
546 380 653 422 loce
685 379 942 439 contingas
973 379 1079 436 lege
1115 379 1352 436 Catingas.
1394 375 1398 378 ’

163 489 216 532 p.
244 478 346 520 326.
378 476 408 517 1.
439 478 506 517 21.
537 471 641 528 lege
675 480 910 529 quatuor,
942 472 1050 514 loco
1083 470 1309 531 quinque.

165 579 219 624 p.
249 569 347 611 528.
377 565 409 606 1.
443 568 508 609 16.
540 563 680 605 infer.
713 563 818 619 lege
850 563 1154 620 glaucescens
1185 563 1295 606 loco
1328 562 1713 624 glaucescensus3

172 671 222 715 p.
251 659 347 703 352.
379 656 412 698 l.
442 654 609 697 ultima
637 655 741 712 lege
772 668 880 707 sex,
914 655 1023 697 loco
1056 654 1280 713 quinque.

164 762 218 806 p.
250 752 347 794 353.
379 747 565 789 incuria
595 746 899 804 impresseris
931 746 1194 805 descriptio
1213 745 1599 803 Trachypogonis
1631 745 1876 802 stipoides,
1916 762 2036 808 quae

331 855 381 897 p·
417 845 499 886 351
530 846 577 881 et
605 844 687 885 552
713 838 941 888 habetur,
972 838 1020 880 in
1052 838 1333 897 insequente
1361 837 1567 895 repetita
1600 845 1686 880 est.

166 944 218 990 p·
251 933 348 983 425.
379 945 430 973 n·
463 936 508 977 2·
541 945 633 988 pro
665 930 897 986 Cynodon
924 942 1146 984 pascuum
1177 930 1282 985 lege
1312 942 1531 987 pascuus.

167 1038 217 1081 p.
246 1025 343 1075 442.
375 1029 441 1070 15.
497 1024 621 1067 Ante
654 1023 821 1068 Secale
851 1037 1071 1066 numerus
1104 1020 1360 1073 delendus,
1410 1034 1557 1079 quum
1599 1032 1745 1077 genus
1787 1020 1848 1064 sit
1881 1031 2033 1067 extra-

269 1127 273 1130 ’
331 1129 487 1159 neum.
545 1114 882 1159 Diminuantur
911 1114 1021 1158 inde
1050 1113 1236 1156 numeri
1270 1126 1495 1172 generum
1532 1112 1896 1170 insequentium.

162 1220 213 1267 p.
240 1209 337 1254 510.
369 1207 484 1250 Nro.
524 1211 590 1260 14.
619 1223 710 1267 pro
745 1207 1015 1266 Eragrostis
1044 1206 1301 1250 brasiliana
1330 1205 1435 1262 lege
1466 1206 1517 1249 E.
1552 1206 1757 1262 elegans.

167 1312 219 1357 p.
254 1305 349 1346 520.
381 1299 605 1342 Lxxxn.
638 1313 729 1357 pro
761 1298 1047 1357 Rottbergia
1078 1299 1110 1342 l.
1142 1278 1445 1355 Reum-gia.

98 1397 104 1400 ’
164 1403 215 1449 p-
247 1396 357 1439 523,
389 1396 468 1443 524
501 1400 549 1436 et
577 1406 625 1450 p.
659 1397 751 1438 527.
783 1391 814 1433 1.
848 1397 885 1436 1.
915 1405 1005 1449 pro
1038 1390 1351 1435 Arundinella
1380 1391 1484 1449 lege
1518 1388 1854 1435 Arundinaria.
