2100 3882
562 97 909 150 GnAmmnAE.
981 97 1253 152 Pmmum,
1801 91 1905 157 207

45 258 157 299 tum
203 246 353 297 foliis
403 248 562 297 etiam
609 245 924 295 lanceolatis
984 246 1188 296 strictis
1238 245 1437 314 glabris
1484 245 1546 297 ad
1590 264 1708 299 oras
1744 249 1904 317 longe

45 318 313 377 barbatis,
363 318 581 383 spiculis
618 316 783 365 fuscis
815 315 1097 377 carinatis,
1154 318 1304 382 apice
1343 318 1674 367 solummodo
1710 320 1905 384 pubes-

44 387 315 446 centibus,
379 389 654 454 glumaque
699 385 978 451 superiore
1020 384 1245 437 trinervi
1288 385 1510 438 flosculo
1558 386 1903 454 hermaphro-

43 457 181 518 dito,
220 457 486 524 aliquanto
522 455 772 504 breviore
803 451 1003 502 differt.

181 540 322 591 Hah.
357 543 408 591 in
443 542 599 591 India
628 539 900 593 orientali.

184 631 464 682 Observ.
537 630 863 679 Panicum
900 639 1220 694 reptans,
1259 626 1421 678 Her-b,
1455 629 1668 680 Sclareb.
1695 643 1776 682 est
1804 632 1905 683 Di-

43 699 266 767 gitariae
306 719 325 748 s
371 702 510 749 ecies
530 737 542 761 ,
583 700 788 749 scilicet
826 701 868 746 P
886 698 1038 746 anic
1057 716 1151 746 um
1188 715 1261 747 re
1282 717 1316 764 p
1338 717 1365 747 e
1382 718 1413 746 n
1435 718 1457 748 s
1475 737 1486 759 ,
1547 699 1737 749 Burm.
1783 701 1905 752 Ind,

43 772 155 822 tab.
189 789 264 818 11.
295 717 404 835 fi}-
453 788 522 832 ι..
563 786 844 835 perperam
881 767 944 817 ad
981 770 1040 815 P.
1081 768 1503 833 grossarium
1541 770 1791 832 citatum,
1831 783 1903 836 et,

42 840 121 889 uti
171 839 476 889 verosimile
531 838 701 887 habeo
726 875 737 897 ,
803 838 862 885 P.
935 837 1333 903 setigerum
1396 836 1573 887 Retzii
1639 838 1760 889 obs.
1807 843 1902 892 IV.

33 925 89 974 p.
133 911 238 968 15.‚
281 909 444 974 spicis
478 906 833 975 subgeminis,
871 906 1055 956 rhachi
1088 907 1152 955 ad
1192 906 1516 974 spicularum
1554 909 1706 958 bases
1753 910 1905 978 pedi-

40 977 297 1040 cellisque
324 978 535 1029 setosis,
572 1006 640 1014 -—
678 981 723 1027 E
757 979 881 1027 Java
916 976 1102 1025 insula.

177 1066 504 1114 Panicum
543 1065 950 1114 muricatum
987 1062 1193 1121 Retzii,
1238 1058 1477 1114 OhsJV.
1502 1083 1558 1130 p.
1594 1066 1671 1114 18.
1708 1063 1901 1120 le'lld.

39 1132 233 1200 Sp.pl.
274 1137 320 1184 I.
355 1153 411 1202 ρ.
445 1136 563 1195 348.
605 1132 754 1184 Pers,
797 1131 934 1201 Syn.
971 1135 1013 1182 I.
1058 1151 1114 1194 ρ.
1151 1132 1236 1181 83.
1279 1152 1332 1181 n.
1379 1134 1451 1184 15.
1494 1132 1562 1181 R.
1605 1145 1655 1184 et
1688 1135 1806 1186 Sclz.
1849 1134 1903 1187 S.

51 1206 103 1254 V·
147 1202 225 1251 II.
261 1221 316 1271 ρ.
370 1204 488 1264 435.
542 1203 704 1267 (escol.
745 1220 941 1270 synon.
1022 1202 1279 1252 Anatheri
1331 1204 1608 1264 muricati,
1663 1201 1786 1255 Pal.
1839 1207 1904 1256 de

36 1268 271 1335 Bectuv.)
311 1270 429 1339 Spr.
467 1272 519 1323 S.
561 1274 619 1324 V.
649 1272 692 1321 I.
721 1291 777 1340 p.
817 1273 934 1322 322.
977 1291 1028 1319 η.
1071 1275 1182 1337 ¹95·
1258 1275 1316 1320 P.
1371 1274 1723 1323 radicanti
1780 1292 1906 1342 pro-

36 1342 260 1400 ximum,
316 1344 498 1392 itidem
557 1355 613 1391 ut
668 1344 905 1410 reliqua,
961 1341 1048 1390 hic
1088 1352 1422 1400 enumerata,
1473 1343 1692 1408 spiculis
1731 1344 1902 1395 altero

35 1410 200 1461 latere
245 1413 484 1478 gibbosis
537 1413 776 1480 insigne,
834 1409 1016 1460 differt
1053 1423 1258 1460 tamen:
1313 1410 1460 1461 soliis
1494 1414 1653 1478 paulo
1696 1413 1903 1463 latiori·

34 1481 132 1530 bus
171 1500 325 1547 supra
361 1482 549 1547 pilosis
573 1518 584 1540 ‚
626 1481 868 1547 panicula
899 1481 1097 1545 majore
1132 1478 1401 1542 firmiore,
1453 1484 1611 1530 ramis
1659 1482 1903 1532 distanti-

35 1549 134 1599 bus
179 1551 398 1600 alternis
438 1552 743 1617 patentibus
772 1551 989 1599 ramulis
1025 1548 1363 1614 paucissoris,
1419 1553 1637 1619 spiculis
1676 1570 1783 1605 non
1820 1571 1905 1604 so-

36 1618 144 1668 lum
176 1620 591 1686 pubescentibus
621 1622 714 1670 sed
753 1623 912 1669 etiam
951 1619 1317 1669 tuberculatis.

172 1704 314 1756 Hah.
342 1717 389 1756 et
420 1710 518 1756 hoc
547 1707 600 1756 in
634 1705 795 1756 India
828 1705 1092 1755 orientali.

169 1796 487 1845 Panicum
526 1809 875 1869 curvatum
916 1796 1083 1855 Lim,
1120 1813 1148 1844 a
1184 1792 1492 1846 Linnaeo
1522 1794 1778 1864 graphice
1810 1797 1904 1847 de·

31 1864 329 1984 {ffrssftffi
369 1867 514 1983 {³²⁹2
545 1865 698 1992 3²¹2
719 1863 860 1988 2<ssss
881 1883 954 1983 1²55·
987 1863 1662 1997 {3⁰³051Wssd2ffi21220245·
1693 1867 1900 1986 pmii?

32 1953 110 2053 Ile.
145 1972 204 2072 Ji.
244 1954 360 2065 340..
401 1951 519 2071 δί).
563 1960 628 2053 δι
668 1973 721 2055 V..
759 1953 810 2054 ἶ
835 2023 891 2072 ρ
917 1972 1037 2055 έιὸ.
1068 2022 1121 2054 η.
1167 1971 1787 2068 147.·Rdxb.'Fl.mI11d.
1820 1975 1903 2058 ed:

35 2070 161 2122 Car.
190 2083 239 2122 et
278 2073 448 2123 Wall.
479 2074 524 2124 I.
548 2093 614 2153 J).
648 2077 764 2141 289.
786 2111 798 2135 ‚
858 2091 1109 2124 summam
1156 2075 1297 2122 inter
1331 2073 1461 2123 haec
1492 2076 1715 2142 gibbosa
1746 2078 1904 2126 attin-

29 2143 106 2210 git
136 2143 342 2211 glumae
379 2146 676 2210 superioris
707 2157 762 2194 et
793 2142 1003 2194 flosculi
1030 2143 1458 2210 hermaphroditi
1484 2147 1898 2195 exuberantiam.

30 2212 183 2275 (Vidi
221 2212 274 2262 in
312 2211 473 2262 Herb.
514 2210 759 2278 Scltreb.)

166 2301 492 2349 Panicum
532 2302 947 2367 incomptum
986 2300 1172 2348 Trin.
1213 2318 1277 2350 ex
1318 2299 1544 2350 istorum
1579 2302 1753 2363 tribu,
1793 2321 1903 2353 ma-

26 2369 168 2486 gime
220 2371 487 2437 singulare
530 2370 808 2436 paniculae
854 2370 1016 2419 ramis
1059 2371 1641 2436 crispato-intricatis,
1694 2374 1768 2421 ita
1808 2375 1902 2422 de-

67 2457 268 2488 nimus:

163 2527 375 2577 Panic
396 2527 640 2577 umine
660 2536 954 2591 omptum
994 2525 1215 2575 Trin.:
1251 2525 1490 2593 panicula
1535 2527 1777 2594 capillari
1801 2528 1897 2578 ob-

22 2596 180 2664 longa
221 2597 379 2646 densa
401 2635 412 2656 ,
479 2598 662 2646 rhachi
708 2598 877 2663 pilosa
901 2634 913 2656 ,
969 2597 1130 2645 ramis
1178 2613 1454 2647 racemoso
1473 2629 1492 2638 -
1511 2597 1893 2664 decompositis

22 2666 346 2735 ramulisque
394 2666 631 2716 ssexuoso
651 2697 668 2706 -
691 2667 957 2715 intricatis
1015 2666 1304 2731 subpilosis
1325 2703 1337 2727 ,
1395 2667 1613 2732 spiculis
1650 2668 1893 2718 ovoideis

23 2736 253 2803 glabris,
293 2735 515 2786 flosculo
547 2750 735 2786 neutro
770 2736 995 2794 bivalvi,
1048 2738 1222 2786 culmo
1255 2737 1566 2804 vaginisque
1598 2737 1896 2802 pubescen-

21 2805 194 2864 tibus,
243 2806 392 2856 foliis
438 2805 1077 2858 lanceolam-linearibus
1113 2806 1372 2872 elongatis
1409 2807 1660 2875 utrinque
1690 2808 1898 2874 piloso·

21 2875 238 2925 scabriS.

158 2959 297 3012 Hah.
337 2962 390 3011 in
417 2959 665 3012 Zlffam'lla
706 2961 915 3027 insula,
970 2960 1062 3013 ubi
1092 2960 1366 3012 Claeamisso
1402 2960 1548 3031 legit.
1604 2967 1685 3027 Ἀ..
1739 2962 1893 3029 (Vidi

22 3028 76 3078 in
113 3027 277 3082 Herb.
309 3031 374 3080 cl.
418 3029 636 3098 Trim'i.)

162 3120 391 3169 Gramen
427 3121 629 3188 aliquot
656 3121 852 3190 pedum
885 3120 1165 3171 altitudine
1187 3157 1199 3180 ,
1237 3119 1380 3170 foliis
1415 3120 1719 3187 pedalibus,
1757 3130 1891 3185 7-—8

22 3183 190 3235 lineas
230 3189 379 3250 latis,
439 3191 627 3256 planis.
715 3191 968 3240 Panicula
1014 3191 1889 3256 racemoso-supradccomposita,

21 3253 180 3305 6-8
208 3257 432 3321 pollices
472 3261 644 3326 longa.
717 3261 870 3311 Rami
905 3260 1340 3325 erecto-patuli3
1378 3260 1567 3308 ramuli
1595 3259 1887 3314 divaricati,

18 3321 263 3375 flexuosi.
335 3327 593 3377 Pedicelli
626 3331 836 3396 proprii
866 3330 1120 3387 solitarii,
1160 3329 1367 3379 breves.
1420 3329 1666 3395 Spiculae
1699 3328 1892 3375 lineam

19 3393 108 3442 vix
150 3395 355 3461 longae.
429 3397 649 3448 Glumae
692 3398 1246 3456 herbaceo-virides,
1307 3399 1485 3447 nervis
1537 3395 1890 3464 marginibus-

21 3476 125 3527 que
187 3463 363 3516 albido
391 3492 412 3504 -
437 3467 747 3534 pellucidis,
808 3479 1019 3528 ovatae,
1091 3467 1341 3517 obtusae:
1406 3467 1636 3517 inferior
1689 3463 1891 3530 spicula

149 3611 161 3632 Ε
