<?xml version="1.0" encoding="UTF-8"?>
<!DOCTYPE html PUBLIC "-//W3C//DTD XHTML 1.0 Transitional//EN"
    "http://www.w3.org/TR/xhtml1/DTD/xhtml1-transitional.dtd">
<html xmlns="http://www.w3.org/1999/xhtml" xml:lang="en" lang="en">
 <head>
  <title>
</title>
<meta http-equiv="Content-Type" content="text/html;charset=utf-8" />
  <meta name='ocr-system' content='tesseract 3.04.00' />
  <meta name='ocr-capabilities' content='ocr_page ocr_carea ocr_par ocr_line ocrx_word'/>
</head>
<body>
  <div class='ocr_page' id='page_1' title='image "./florabrasiliensi02mart_0558.png"; bbox 0 0 2100 3882; ppageno 0'>
   <div class='ocr_carea' id='block_1_1' title="bbox 153 127 1691 189">
    <p class='ocr_par' dir='ltr' id='par_1_1' title="bbox 153 127 1691 189">
     <span class='ocr_line' id='line_1_1' title="bbox 153 127 1691 189; baseline -0.01 0"><span class='ocrx_word' id='word_1_1' title='bbox 153 135 257 189; x_wconf 81' lang='lat'>540</span> <span class='ocrx_word' id='word_1_2' title='bbox 464 130 813 181; x_wconf 62' lang='lat' dir='ltr'>Gnamimm.</span> <span class='ocrx_word' id='word_1_3' title='bbox 889 127 1244 188; x_wconf 62' lang='lat' dir='ltr'>Osssssavano</span> <span class='ocrx_word' id='word_1_4' title='bbox 1286 140 1691 178; x_wconf 63' lang='lat' dir='ltr'>cnoenapmca.</span> 
     </span>
    </p>
   </div>
   <div class='ocr_carea' id='block_1_2' title="bbox 143 275 2029 3541">
    <p class='ocr_par' dir='ltr' id='par_1_2' title="bbox 154 275 2017 550">
     <span class='ocr_line' id='line_1_2' title="bbox 155 275 2017 348; baseline -0.004 -16"><span class='ocrx_word' id='word_1_5' title='bbox 155 296 436 348; x_wconf 85' lang='lat' dir='ltr'>repens,</span> <span class='ocrx_word' id='word_1_6' title='bbox 488 283 775 328; x_wconf 87' lang='lat' dir='ltr'>Bromus</span> <span class='ocrx_word' id='word_1_7' title='bbox 827 275 1098 335; x_wconf 85' lang='lat' dir='ltr'>mollis,</span> <span class='ocrx_word' id='word_1_8' title='bbox 1150 275 1424 325; x_wconf 88' lang='lat' dir='ltr'>Lolium</span> <span class='ocrx_word' id='word_1_9' title='bbox 1476 275 1924 325; x_wconf 82' lang='lat' dir='ltr'>temulentum</span> <span class='ocrx_word' id='word_1_10' title='bbox 1963 283 2017 324; x_wconf 83' lang='lat' dir='ltr'>et</span> 
     </span>
     <span class='ocr_line' id='line_1_3' title="bbox 155 343 2016 407; baseline -0.005 -7"><span class='ocrx_word' id='word_1_11' title='bbox 155 349 540 407; x_wconf 82' lang='lat' dir='ltr'>maximum,</span> <span class='ocrx_word' id='word_1_12' title='bbox 605 347 958 397; x_wconf 84' lang='lat' dir='ltr'><strong>Hordeum</strong></span> <span class='ocrx_word' id='word_1_13' title='bbox 1027 345 1361 393; x_wconf 86' lang='lat' dir='ltr'>murinum</span> <span class='ocrx_word' id='word_1_14' title='bbox 1419 356 1496 401; x_wconf 86' lang='lat' dir='ltr'>et,</span> <span class='ocrx_word' id='word_1_15' title='bbox 1569 355 1702 395; x_wconf 87' lang='lat' dir='ltr'>teste</span> <span class='ocrx_word' id='word_1_16' title='bbox 1763 343 1826 393; x_wconf 84' lang='lat' dir='ltr'>cl.</span> <span class='ocrx_word' id='word_1_17' title='bbox 1888 360 2016 393; x_wconf 77' lang='lat' dir='ltr'>AUG-</span> 
     </span>
     <span class='ocr_line' id='line_1_4' title="bbox 156 415 2014 481; baseline -0.004 -13"><span class='ocrx_word' id='word_1_18' title='bbox 156 438 231 470; x_wconf 66' lang='grc' dir='ltr'>ΒΕ</span> <span class='ocrx_word' id='word_1_19' title='bbox 287 437 329 471; x_wconf 90' lang='lat' dir='ltr'>s.</span> <span class='ocrx_word' id='word_1_20' title='bbox 390 435 648 474; x_wconf 62' lang='lat' dir='ltr'>nimium,</span> <span class='ocrx_word' id='word_1_21' title='bbox 701 421 932 474; x_wconf 16' lang='lat' dir='ltr'>Ave—na</span> <span class='ocrx_word' id='word_1_22' title='bbox 971 415 1217 473; x_wconf 81' lang='lat' dir='ltr'>sativa,</span> <span class='ocrx_word' id='word_1_23' title='bbox 1269 426 1371 462; x_wconf 89' lang='lat' dir='ltr'>tam</span> <span class='ocrx_word' id='word_1_24' title='bbox 1421 416 1667 479; x_wconf 81' lang='lat' dir='ltr'>Europae</span> <span class='ocrx_word' id='word_1_25' title='bbox 1722 431 1876 481; x_wconf 86' lang='lat' dir='ltr'>quam</span> <span class='ocrx_word' id='word_1_26' title='bbox 1924 430 2014 461; x_wconf 89' lang='lat' dir='ltr'>au-</span> 
     </span>
     <span class='ocr_line' id='line_1_5' title="bbox 154 483 1323 550; baseline -0.006 -11"><span class='ocrx_word' id='word_1_27' title='bbox 154 489 329 539; x_wconf 80' lang='lat' dir='ltr'>stralis</span> <span class='ocrx_word' id='word_1_28' title='bbox 366 487 645 535; x_wconf 87' lang='lat' dir='ltr'>Americae</span> <span class='ocrx_word' id='word_1_29' title='bbox 682 501 986 550; x_wconf 81' lang='lat' dir='ltr'>communes</span> <span class='ocrx_word' id='word_1_30' title='bbox 1024 483 1323 549; x_wconf 79' lang='lat' dir='ltr'><strong>indigenae.</strong></span> 
     </span>
    </p>

    <p class='ocr_par' dir='ltr' id='par_1_3' title="bbox 143 551 2024 2135">
     <span class='ocr_line' id='line_1_6' title="bbox 292 551 2022 621; baseline -0.003 -17"><span class='ocrx_word' id='word_1_31' title='bbox 292 559 496 605; x_wconf 82' lang='lat' dir='ltr'>Demus</span> <span class='ocrx_word' id='word_1_32' title='bbox 549 556 740 616; x_wconf 81' lang='lat' dir='ltr'>etiam,</span> <span class='ocrx_word' id='word_1_33' title='bbox 810 571 942 621; x_wconf 85' lang='lat' dir='ltr'>quae</span> <span class='ocrx_word' id='word_1_34' title='bbox 989 553 1372 603; x_wconf 83' lang='lat' dir='ltr'>nominavimus</span> <span class='ocrx_word' id='word_1_35' title='bbox 1425 551 1685 618; x_wconf 84' lang='lat' dir='ltr'>gramina,</span> <span class='ocrx_word' id='word_1_36' title='bbox 1757 567 2022 616; x_wconf 87' lang='lat' dir='ltr'>europaea</span> 
     </span>
     <span class='ocr_line' id='line_1_7' title="bbox 155 621 2024 693; baseline -0.005 -18"><span class='ocrx_word' id='word_1_37' title='bbox 155 625 492 693; x_wconf 85' lang='lat' dir='ltr'>praesertim,</span> <span class='ocrx_word' id='word_1_38' title='bbox 533 641 597 674; x_wconf 84' lang='lat' dir='ltr'>ex</span> <span class='ocrx_word' id='word_1_39' title='bbox 629 624 759 673; x_wconf 90' lang='lat' dir='ltr'>orbe</span> <span class='ocrx_word' id='word_1_40' title='bbox 793 623 966 672; x_wconf 85' lang='lat' dir='ltr'>veteri</span> <span class='ocrx_word' id='word_1_41' title='bbox 1003 639 1122 671; x_wconf 90' lang='lat' dir='ltr'>casu</span> <span class='ocrx_word' id='word_1_42' title='bbox 1158 623 1405 670; x_wconf 88' lang='lat' dir='ltr'>translata</span> <span class='ocrx_word' id='word_1_43' title='bbox 1436 621 1630 680; x_wconf 77' lang='lat' dir='ltr'>fuisse,</span> <span class='ocrx_word' id='word_1_44' title='bbox 1685 622 1826 688; x_wconf 87' lang='lat' dir='ltr'>quod</span> <span class='ocrx_word' id='word_1_45' title='bbox 1863 637 2024 687; x_wconf 89' lang='lat' dir='ltr'>quum</span> 
     </span>
     <span class='ocr_line' id='line_1_8' title="bbox 153 689 2019 763; baseline -0.004 -19"><span class='ocrx_word' id='word_1_46' title='bbox 153 698 392 763; x_wconf 83' lang='lat' dir='ltr'>ipsorum</span> <span class='ocrx_word' id='word_1_47' title='bbox 442 694 641 744; x_wconf 89' lang='lat' dir='ltr'>semina</span> <span class='ocrx_word' id='word_1_48' title='bbox 691 704 868 742; x_wconf 81' lang='lat' dir='ltr'><strong>essent</strong></span> <span class='ocrx_word' id='word_1_49' title='bbox 923 692 1064 741; x_wconf 89' lang='lat' dir='ltr'>inter</span> <span class='ocrx_word' id='word_1_50' title='bbox 1102 692 1368 740; x_wconf 88' lang='lat' dir='ltr'>frumenta</span> <span class='ocrx_word' id='word_1_51' title='bbox 1424 702 1476 740; x_wconf 90' lang='lat' dir='ltr'>et</span> <span class='ocrx_word' id='word_1_52' title='bbox 1514 691 1824 758; x_wconf 79' lang='lat' dir='ltr'>gallinarum</span> <span class='ocrx_word' id='word_1_53' title='bbox 1862 689 2019 755; x_wconf 89' lang='lat' dir='ltr'>pabu-</span> 
     </span>
     <span class='ocr_line' id='line_1_9' title="bbox 146 758 2022 828; baseline -0.003 -15"><span class='ocrx_word' id='word_1_54' title='bbox 146 767 263 813; x_wconf 72' lang='lat' dir='ltr'>&#39;lum</span> <span class='ocrx_word' id='word_1_55' title='bbox 291 764 450 812; x_wconf 86' lang='lat' dir='ltr'>facile</span> <span class='ocrx_word' id='word_1_56' title='bbox 482 763 600 813; x_wconf 85' lang='lat' dir='ltr'>fieri</span> <span class='ocrx_word' id='word_1_57' title='bbox 629 763 820 828; x_wconf 87' lang='lat' dir='ltr'>potuit,</span> <span class='ocrx_word' id='word_1_58' title='bbox 841 789 908 797; x_wconf 89' lang='lat'><em>-</em></span> <span class='ocrx_word' id='word_1_59' title='bbox 929 779 1061 828; x_wconf 91' lang='lat' dir='ltr'>quae</span> <span class='ocrx_word' id='word_1_60' title='bbox 1084 762 1293 828; x_wconf 89' lang='lat' dir='ltr'>quidem</span> <span class='ocrx_word' id='word_1_61' title='bbox 1318 759 1500 826; x_wconf 81' lang='lat' dir='ltr'>opinio</span> <span class='ocrx_word' id='word_1_62' title='bbox 1521 760 1899 809; x_wconf 73' lang='lat' dir='ltr'>corroboratur</span> <span class='ocrx_word' id='word_1_63' title='bbox 1930 758 2022 807; x_wconf 88' lang='lat' dir='ltr'>ob-</span> 
     </span>
     <span class='ocr_line' id='line_1_10' title="bbox 154 829 2021 898; baseline -0.004 -15"><span class='ocrx_word' id='word_1_64' title='bbox 154 834 460 883; x_wconf 82' lang='lat' dir='ltr'>servatione</span> <span class='ocrx_word' id='word_1_65' title='bbox 483 870 495 893; x_wconf 90' lang='lat'>‚</span> <span class='ocrx_word' id='word_1_66' title='bbox 535 833 625 881; x_wconf 91' lang='lat' dir='ltr'>illa</span> <span class='ocrx_word' id='word_1_67' title='bbox 656 850 754 898; x_wconf 86' lang='lat' dir='ltr'>per</span> <span class='ocrx_word' id='word_1_68' title='bbox 787 832 1028 881; x_wconf 89' lang='lat' dir='ltr'>boreales</span> <span class='ocrx_word' id='word_1_69' title='bbox 1060 831 1449 896; x_wconf 79' lang='lat' dir='ltr'>calidioresque</span> <span class='ocrx_word' id='word_1_70' title='bbox 1477 830 1736 878; x_wconf 84' lang='lat' dir='ltr'>Brasiliae</span> <span class='ocrx_word' id='word_1_71' title='bbox 1767 829 2021 895; x_wconf 82' lang='lat' dir='ltr'>regiones</span> 
     </span>
     <span class='ocr_line' id='line_1_11' title="bbox 150 895 2019 968; baseline -0.005 -15"><span class='ocrx_word' id='word_1_72' title='bbox 150 903 345 953; x_wconf 83' lang='lat' dir='ltr'>diffusa</span> <span class='ocrx_word' id='word_1_73' title='bbox 395 920 501 952; x_wconf 89' lang='lat' dir='ltr'>non</span> <span class='ocrx_word' id='word_1_74' title='bbox 543 918 694 963; x_wconf 84' lang='lat' dir='ltr'>esse3</span> <span class='ocrx_word' id='word_1_75' title='bbox 743 928 810 938; x_wconf 89' lang='lat'>——·</span> <span class='ocrx_word' id='word_1_76' title='bbox 855 919 958 968; x_wconf 86' lang='lat' dir='ltr'>quo</span> <span class='ocrx_word' id='word_1_77' title='bbox 1008 900 1165 948; x_wconf 91' lang='lat' dir='ltr'>modo</span> <span class='ocrx_word' id='word_1_78' title='bbox 1208 910 1384 947; x_wconf 86' lang='lat' dir='ltr'>tamen</span> <span class='ocrx_word' id='word_1_79' title='bbox 1437 899 1633 948; x_wconf 87' lang='lat' dir='ltr'>factum</span> <span class='ocrx_word' id='word_1_80' title='bbox 1675 910 1785 958; x_wconf 89' lang='lat' dir='ltr'>est,</span> <span class='ocrx_word' id='word_1_81' title='bbox 1833 909 1888 947; x_wconf 90' lang='lat' dir='ltr'>ut</span> <span class='ocrx_word' id='word_1_82' title='bbox 1921 895 2019 944; x_wconf 86' lang='lat' dir='ltr'>alia</span> 
     </span>
     <span class='ocr_line' id='line_1_12' title="bbox 148 966 2020 1041; baseline -0.003 -20"><span class='ocrx_word' id='word_1_83' title='bbox 148 972 341 1041; x_wconf 88' lang='lat' dir='ltr'>procul</span> <span class='ocrx_word' id='word_1_84' title='bbox 374 973 438 1021; x_wconf 88' lang='lat' dir='ltr'>ab</span> <span class='ocrx_word' id='word_1_85' title='bbox 485 989 577 1021; x_wconf 88' lang='lat' dir='ltr'>ora</span> <span class='ocrx_word' id='word_1_86' title='bbox 627 970 923 1028; x_wconf 81' lang='lat' dir='ltr'>maritima,</span> <span class='ocrx_word' id='word_1_87' title='bbox 959 970 1011 1018; x_wconf 91' lang='lat' dir='ltr'>in</span> <span class='ocrx_word' id='word_1_88' title='bbox 1050 968 1361 1035; x_wconf 82' lang='lat' dir='ltr'>regionibus</span> <span class='ocrx_word' id='word_1_89' title='bbox 1399 985 1566 1033; x_wconf 88' lang='lat' dir='ltr'>prope</span> <span class='ocrx_word' id='word_1_90' title='bbox 1610 969 1822 1018; x_wconf 88' lang='lat' dir='ltr'>modum</span> <span class='ocrx_word' id='word_1_91' title='bbox 1868 966 2020 1015; x_wconf 84' lang='lat' dir='ltr'>inho·</span> 
     </span>
     <span class='ocr_line' id='line_1_13' title="bbox 161 1036 2020 1109; baseline -0.005 -16"><span class='ocrx_word' id='word_1_92' title='bbox 161 1041 468 1109; x_wconf 88' lang='lat' dir='ltr'>spitalibus‚</span> <span class='ocrx_word' id='word_1_93' title='bbox 502 1041 672 1109; x_wconf 86' lang='lat' dir='ltr'>qualis</span> <span class='ocrx_word' id='word_1_94' title='bbox 717 1051 795 1090; x_wconf 86' lang='lat' dir='ltr'>est</span> <span class='ocrx_word' id='word_1_95' title='bbox 835 1039 1198 1089; x_wconf 88' lang='lat' dir='ltr'>Chaetaria</span> <span class='ocrx_word' id='word_1_96' title='bbox 1253 1038 1671 1086; x_wconf 80' lang='lat' dir='ltr'>canariensis</span> <span class='ocrx_word' id='word_1_97' title='bbox 1720 1038 1774 1085; x_wconf 93' lang='lat' dir='ltr'>in</span> <span class='ocrx_word' id='word_1_98' title='bbox 1820 1036 2020 1101; x_wconf 88' lang='lat' dir='ltr'>campis</span> 
     </span>
     <span class='ocr_line' id='line_1_14' title="bbox 153 1106 2022 1175; baseline -0.005 -14"><span class='ocrx_word' id='word_1_99' title='bbox 153 1112 218 1161; x_wconf 90' lang='lat' dir='ltr'>ad</span> <span class='ocrx_word' id='word_1_100' title='bbox 253 1110 472 1160; x_wconf 90' lang='lat' dir='ltr'>fluvium</span> <span class='ocrx_word' id='word_1_101' title='bbox 508 1110 809 1175; x_wconf 58' lang='lat' dir='ltr'>stapicupu,</span> <span class='ocrx_word' id='word_1_102' title='bbox 865 1108 1182 1159; x_wconf 82' lang='lat' dir='ltr'>Provinciae</span> <span class='ocrx_word' id='word_1_103' title='bbox 1222 1107 1704 1172; x_wconf 78' lang='lat' dir='ltr'>Maragnaniensis‚</span> <span class='ocrx_word' id='word_1_104' title='bbox 1752 1106 2022 1156; x_wconf 83' lang='lat' dir='ltr'>invenian-</span> 
     </span>
     <span class='ocr_line' id='line_1_15' title="bbox 148 1176 2020 1244; baseline -0.004 -14"><span class='ocrx_word' id='word_1_105' title='bbox 148 1191 265 1241; x_wconf 83' lang='lat' dir='ltr'>tur,</span> <span class='ocrx_word' id='word_1_106' title='bbox 324 1181 431 1230; x_wconf 88' lang='lat' dir='ltr'>nisi</span> <span class='ocrx_word' id='word_1_107' title='bbox 474 1181 711 1230; x_wconf 87' lang='lat' dir='ltr'>locorum</span> <span class='ocrx_word' id='word_1_108' title='bbox 752 1179 968 1227; x_wconf 88' lang='lat' dir='ltr'>illorum</span> <span class='ocrx_word' id='word_1_109' title='bbox 1005 1188 1293 1226; x_wconf 82' lang='lat' dir='ltr'>statuamus</span> <span class='ocrx_word' id='word_1_110' title='bbox 1325 1177 1612 1244; x_wconf 74' lang='lat' dir='ltr'>indigena?</span> <span class='ocrx_word' id='word_1_111' title='bbox 1687 1177 1820 1225; x_wconf 87' lang='lat' dir='ltr'>Mira</span> <span class='ocrx_word' id='word_1_112' title='bbox 1861 1176 2020 1225; x_wconf 76' lang='lat' dir='ltr'>etiam</span> 
     </span>
     <span class='ocr_line' id='line_1_16' title="bbox 151 1245 2019 1316; baseline -0.005 -14"><span class='ocrx_word' id='word_1_113' title='bbox 151 1249 738 1316; x_wconf 78' lang='lat' dir='ltr'>Oryzae&#39;sativae</span> <span class='ocrx_word' id='word_1_114' title='bbox 788 1247 1006 1296; x_wconf 84' lang='lat' dir='ltr'>diffusio</span> <span class='ocrx_word' id='word_1_115' title='bbox 1051 1258 1160 1305; x_wconf 89' lang='lat' dir='ltr'>est,</span> <span class='ocrx_word' id='word_1_116' title='bbox 1241 1246 1343 1294; x_wconf 88' lang='lat' dir='ltr'>illis</span> <span class='ocrx_word' id='word_1_117' title='bbox 1399 1248 1558 1295; x_wconf 86' lang='lat' dir='ltr'>etiam</span> <span class='ocrx_word' id='word_1_118' title='bbox 1628 1245 1682 1293; x_wconf 90' lang='lat' dir='ltr'>in</span> <span class='ocrx_word' id='word_1_119' title='bbox 1736 1245 1869 1295; x_wconf 90' lang='lat' dir='ltr'>locis</span> <span class='ocrx_word' id='word_1_120' title='bbox 1925 1245 2019 1294; x_wconf 90' lang='lat' dir='ltr'>ob-</span> 
     </span>
     <span class='ocr_line' id='line_1_17' title="bbox 151 1314 2018 1386; baseline -0.004 -16"><span class='ocrx_word' id='word_1_121' title='bbox 151 1321 308 1380; x_wconf 85' lang='lat' dir='ltr'>viae,</span> <span class='ocrx_word' id='word_1_122' title='bbox 364 1319 454 1386; x_wconf 86' lang='lat' dir='ltr'>qui</span> <span class='ocrx_word' id='word_1_123' title='bbox 507 1319 693 1385; x_wconf 87' lang='lat' dir='ltr'>procul</span> <span class='ocrx_word' id='word_1_124' title='bbox 752 1318 815 1365; x_wconf 91' lang='lat' dir='ltr'>ab</span> <span class='ocrx_word' id='word_1_125' title='bbox 866 1318 1009 1366; x_wconf 89' lang='lat' dir='ltr'>omni</span> <span class='ocrx_word' id='word_1_126' title='bbox 1061 1316 1261 1365; x_wconf 84' lang='lat' dir='ltr'>cultura</span> <span class='ocrx_word' id='word_1_127' title='bbox 1307 1327 1428 1364; x_wconf 83' lang='lat' dir='ltr'>sunt</span> <span class='ocrx_word' id='word_1_128' title='bbox 1475 1332 1645 1383; x_wconf 88' lang='lat' dir='ltr'>eoque</span> <span class='ocrx_word' id='word_1_129' title='bbox 1701 1314 2018 1373; x_wconf 81' lang='lat' dir='ltr'>mirabilior,</span> 
     </span>
     <span class='ocr_line' id='line_1_18' title="bbox 149 1385 2018 1459; baseline -0.003 -22"><span class='ocrx_word' id='word_1_130' title='bbox 149 1390 294 1459; x_wconf 86' lang='lat' dir='ltr'>quod</span> <span class='ocrx_word' id='word_1_131' title='bbox 370 1392 533 1439; x_wconf 89' lang='lat' dir='ltr'>Zeae</span> <span class='ocrx_word' id='word_1_132' title='bbox 599 1386 883 1451; x_wconf 81' lang='lat' dir='ltr'>Mayidis</span> <span class='ocrx_word' id='word_1_133' title='bbox 948 1386 1089 1434; x_wconf 90' lang='lat' dir='ltr'>nulla</span> <span class='ocrx_word' id='word_1_134' title='bbox 1163 1385 1456 1450; x_wconf 85' lang='lat' dir='ltr'>specimina</span> <span class='ocrx_word' id='word_1_135' title='bbox 1525 1397 1765 1451; x_wconf 86' lang='lat' dir='ltr'>sponte</span> <span class='ocrx_word' id='word_1_136' title='bbox 1829 1402 2018 1434; x_wconf 86' lang='lat' dir='ltr'>cres-</span> 
     </span>
     <span class='ocr_line' id='line_1_19' title="bbox 148 1454 2022 1522; baseline -0.004 -13"><span class='ocrx_word' id='word_1_137' title='bbox 148 1459 372 1510; x_wconf 80' lang='lat' dir='ltr'>centia</span> <span class='ocrx_word' id='word_1_138' title='bbox 410 1459 663 1519; x_wconf 86' lang='lat' dir='ltr'>hactenus</span> <span class='ocrx_word' id='word_1_139' title='bbox 703 1458 758 1504; x_wconf 86' lang='lat' dir='ltr'>in</span> <span class='ocrx_word' id='word_1_140' title='bbox 794 1456 1021 1504; x_wconf 87' lang='lat' dir='ltr'>Brasilia</span> <span class='ocrx_word' id='word_1_141' title='bbox 1059 1455 1120 1503; x_wconf 93' lang='lat' dir='ltr'>ab</span> <span class='ocrx_word' id='word_1_142' title='bbox 1160 1455 1338 1522; x_wconf 88' lang='lat' dir='ltr'>aliquo</span> <span class='ocrx_word' id='word_1_143' title='bbox 1375 1456 1752 1503; x_wconf 81' lang='lat' dir='ltr'>Botanicorum</span> <span class='ocrx_word' id='word_1_144' title='bbox 1790 1455 1895 1503; x_wconf 91' lang='lat' dir='ltr'>sint</span> <span class='ocrx_word' id='word_1_145' title='bbox 1941 1454 2022 1502; x_wconf 90' lang='lat' dir='ltr'>in-</span> 
     </span>
     <span class='ocr_line' id='line_1_20' title="bbox 146 1523 2022 1593; baseline -0.005 -13"><span class='ocrx_word' id='word_1_146' title='bbox 146 1541 335 1588; x_wconf 83' lang='lat' dir='ltr'>venta,</span> <span class='ocrx_word' id='word_1_147' title='bbox 384 1530 514 1576; x_wconf 90' lang='lat' dir='ltr'>]icet</span> <span class='ocrx_word' id='word_1_148' title='bbox 551 1529 722 1593; x_wconf 80' lang='lat' dir='ltr'>planta</span> <span class='ocrx_word' id='word_1_149' title='bbox 772 1543 870 1591; x_wconf 91' lang='lat' dir='ltr'>per</span> <span class='ocrx_word' id='word_1_150' title='bbox 907 1527 1065 1573; x_wconf 89' lang='lat' dir='ltr'>multa</span> <span class='ocrx_word' id='word_1_151' title='bbox 1112 1525 1316 1572; x_wconf 89' lang='lat' dir='ltr'>saecula</span> <span class='ocrx_word' id='word_1_152' title='bbox 1356 1536 1476 1573; x_wconf 90' lang='lat' dir='ltr'>ante</span> <span class='ocrx_word' id='word_1_153' title='bbox 1524 1528 1925 1590; x_wconf 87' lang='lat' dir='ltr'>Europaeorum</span> <span class='ocrx_word' id='word_1_154' title='bbox 1966 1523 2022 1571; x_wconf 89' lang='lat' dir='ltr'>in</span> 
     </span>
     <span class='ocr_line' id='line_1_21' title="bbox 143 1593 2022 1663; baseline -0.005 -15"><span class='ocrx_word' id='word_1_155' title='bbox 143 1616 340 1650; x_wconf 87' lang='lat' dir='ltr'>novum</span> <span class='ocrx_word' id='word_1_156' title='bbox 384 1598 571 1647; x_wconf 90' lang='lat' dir='ltr'>orbem</span> <span class='ocrx_word' id='word_1_157' title='bbox 607 1596 975 1663; x_wconf 80' lang='lat' dir='ltr'>navigationes</span> <span class='ocrx_word' id='word_1_158' title='bbox 1013 1595 1210 1643; x_wconf 86' lang='lat' dir='ltr'>ibidem</span> <span class='ocrx_word' id='word_1_159' title='bbox 1254 1594 1391 1642; x_wconf 89' lang='lat' dir='ltr'>culta</span> <span class='ocrx_word' id='word_1_160' title='bbox 1426 1593 1606 1642; x_wconf 86' lang='lat' dir='ltr'>fuerit.</span> <span class='ocrx_word' id='word_1_161' title='bbox 1681 1594 1830 1642; x_wconf 85' lang='lat' dir='ltr'>Talia</span> <span class='ocrx_word' id='word_1_162' title='bbox 1867 1593 2022 1644; x_wconf 87' lang='lat' dir='ltr'>nobis</span> 
     </span>
     <span class='ocr_line' id='line_1_22' title="bbox 143 1663 2022 1735; baseline -0.003 -18"><span class='ocrx_word' id='word_1_163' title='bbox 143 1667 600 1735; x_wconf 82' lang='lat' dir='ltr'>perpendentibus</span> <span class='ocrx_word' id='word_1_164' title='bbox 664 1665 970 1715; x_wconf 87' lang='lat' dir='ltr'>recordatio</span> <span class='ocrx_word' id='word_1_165' title='bbox 1032 1665 1173 1713; x_wconf 86' lang='lat' dir='ltr'>subit</span> <span class='ocrx_word' id='word_1_166' title='bbox 1225 1665 1518 1729; x_wconf 88' lang='lat' dir='ltr'>plantarum</span> <span class='ocrx_word' id='word_1_167' title='bbox 1582 1663 1823 1722; x_wconf 88' lang='lat' dir='ltr'>illarum,</span> <span class='ocrx_word' id='word_1_168' title='bbox 1887 1679 2022 1730; x_wconf 87' lang='lat' dir='ltr'>quae</span> 
     </span>
     <span class='ocr_line' id='line_1_23' title="bbox 146 1733 2022 1806; baseline -0.003 -20"><span class='ocrx_word' id='word_1_169' title='bbox 146 1738 298 1806; x_wconf 82' lang='lat' dir='ltr'>quasi</span> <span class='ocrx_word' id='word_1_170' title='bbox 335 1753 504 1786; x_wconf 92' lang='lat' dir='ltr'>coeco</span> <span class='ocrx_word' id='word_1_171' title='bbox 541 1747 715 1784; x_wconf 88' lang='lat' dir='ltr'>motae</span> <span class='ocrx_word' id='word_1_172' title='bbox 756 1733 1272 1784; x_wconf 86' lang='lat' dir='ltr'>instinctuhomines</span> <span class='ocrx_word' id='word_1_173' title='bbox 1307 1734 1360 1781; x_wconf 93' lang='lat' dir='ltr'>in</span> <span class='ocrx_word' id='word_1_174' title='bbox 1396 1733 1776 1783; x_wconf 82' lang='lat' dir='ltr'>remotissimas</span> <span class='ocrx_word' id='word_1_175' title='bbox 1807 1733 2022 1787; x_wconf 83' lang='lat' dir='ltr'>illorum</span> 
     </span>
     <span class='ocr_line' id='line_1_24' title="bbox 145 1803 2019 1868; baseline -0.004 -11"><span class='ocrx_word' id='word_1_176' title='bbox 145 1807 505 1857; x_wconf 78' lang='lat' dir='ltr'>habitationes</span> <span class='ocrx_word' id='word_1_177' title='bbox 554 1804 1000 1860; x_wconf 82' lang='lat' dir='ltr'>concomitantes,</span> <span class='ocrx_word' id='word_1_178' title='bbox 1065 1804 1167 1853; x_wconf 86' lang='lat' dir='ltr'>sibi</span> <span class='ocrx_word' id='word_1_179' title='bbox 1208 1803 1475 1852; x_wconf 89' lang='lat' dir='ltr'>domicilia</span> <span class='ocrx_word' id='word_1_180' title='bbox 1513 1820 1704 1868; x_wconf 89' lang='lat' dir='ltr'>parere</span> <span class='ocrx_word' id='word_1_181' title='bbox 1754 1803 2019 1862; x_wconf 88' lang='lat' dir='ltr'>dicuntur,</span> 
     </span>
     <span class='ocr_line' id='line_1_25' title="bbox 149 1873 2019 1941; baseline -0.003 -15"><span class='ocrx_word' id='word_1_182' title='bbox 149 1878 271 1926; x_wconf 89' lang='lat' dir='ltr'>dum</span> <span class='ocrx_word' id='word_1_183' title='bbox 304 1877 455 1936; x_wconf 90' lang='lat' dir='ltr'>aliae,</span> <span class='ocrx_word' id='word_1_184' title='bbox 508 1887 563 1925; x_wconf 90' lang='lat' dir='ltr'>ut</span> <span class='ocrx_word' id='word_1_185' title='bbox 590 1876 706 1941; x_wconf 70' lang='lat' dir='ltr'>‚ipsa</span> <span class='ocrx_word' id='word_1_186' title='bbox 737 1874 950 1923; x_wconf 86' lang='lat' dir='ltr'>Cereris</span> <span class='ocrx_word' id='word_1_187' title='bbox 979 1873 1142 1931; x_wconf 81' lang='lat' dir='ltr'>dona,</span> <span class='ocrx_word' id='word_1_188' title='bbox 1184 1874 1332 1940; x_wconf 83' lang='lat' dir='ltr'>quasi</span> <span class='ocrx_word' id='word_1_189' title='bbox 1366 1873 1587 1920; x_wconf 89' lang='lat' dir='ltr'>humana</span> <span class='ocrx_word' id='word_1_190' title='bbox 1613 1873 1874 1922; x_wconf 86' lang='lat' dir='ltr'>industria</span> <span class='ocrx_word' id='word_1_191' title='bbox 1900 1889 2019 1922; x_wconf 91' lang='lat' dir='ltr'>coa-</span> 
     </span>
     <span class='ocr_line' id='line_1_26' title="bbox 149 1941 2018 2008; baseline -0.002 -13"><span class='ocrx_word' id='word_1_192' title='bbox 149 1957 266 1995; x_wconf 88' lang='lat' dir='ltr'>ctae</span> <span class='ocrx_word' id='word_1_193' title='bbox 322 1946 409 1994; x_wconf 84' lang='lat' dir='ltr'>vix</span> <span class='ocrx_word' id='word_1_194' title='bbox 453 1946 558 1994; x_wconf 88' lang='lat' dir='ltr'>nisi</span> <span class='ocrx_word' id='word_1_195' title='bbox 613 1947 815 1995; x_wconf 74' lang='lat' dir='ltr'>cultura</span> <span class='ocrx_word' id='word_1_196' title='bbox 864 1943 1114 1991; x_wconf 80' lang='lat' dir='ltr'>renovari</span> <span class='ocrx_word' id='word_1_197' title='bbox 1162 1943 1401 2008; x_wconf 79' lang='lat' dir='ltr'>possint,</span> <span class='ocrx_word' id='word_1_198' title='bbox 1453 1954 1503 1990; x_wconf 85' lang='lat' dir='ltr'>et</span> <span class='ocrx_word' id='word_1_199' title='bbox 1533 1942 1657 1990; x_wconf 90' lang='lat' dir='ltr'>ideo</span> <span class='ocrx_word' id='word_1_200' title='bbox 1699 1953 1785 1990; x_wconf 87' lang='lat' dir='ltr'>aut</span> <span class='ocrx_word' id='word_1_201' title='bbox 1823 1941 2018 1991; x_wconf 88' lang='lat' dir='ltr'>blando</span> 
     </span>
     <span class='ocr_line' id='line_1_27' title="bbox 146 2011 2020 2079; baseline -0.003 -14"><span class='ocrx_word' id='word_1_202' title='bbox 146 2016 424 2065; x_wconf 88' lang='lat' dir='ltr'>hominum</span> <span class='ocrx_word' id='word_1_203' title='bbox 454 2016 724 2064; x_wconf 77' lang='lat' dir='ltr'>consortio</span> <span class='ocrx_word' id='word_1_204' title='bbox 764 2013 1028 2061; x_wconf 85' lang='lat' dir='ltr'>demulsae</span> <span class='ocrx_word' id='word_1_205' title='bbox 1073 2022 1161 2061; x_wconf 87' lang='lat' dir='ltr'>aut</span> <span class='ocrx_word' id='word_1_206' title='bbox 1197 2012 1354 2079; x_wconf 79' lang='lat' dir='ltr'>longa</span> <span class='ocrx_word' id='word_1_207' title='bbox 1392 2011 1716 2063; x_wconf 81' lang='lat' dir='ltr'>servitudine</span> <span class='ocrx_word' id='word_1_208' title='bbox 1754 2011 2020 2062; x_wconf 83' lang='lat' dir='ltr'>libertatis</span> 
     </span>
     <span class='ocr_line' id='line_1_28' title="bbox 150 2083 936 2135; baseline -0.009 0"><span class='ocrx_word' id='word_1_209' title='bbox 150 2085 331 2135; x_wconf 86' lang='lat' dir='ltr'>studio</span> <span class='ocrx_word' id='word_1_210' title='bbox 382 2083 597 2134; x_wconf 87' lang='lat' dir='ltr'>orbatae</span> <span class='ocrx_word' id='word_1_211' title='bbox 645 2085 936 2133; x_wconf 83' lang='lat' dir='ltr'>videantur.</span> 
     </span>
    </p>

    <p class='ocr_par' dir='ltr' id='par_1_4' title="bbox 144 2149 2029 2985">
     <span class='ocr_line' id='line_1_29' title="bbox 291 2149 2025 2208; baseline -0.002 -6"><span class='ocrx_word' id='word_1_212' title='bbox 291 2155 570 2203; x_wconf 88' lang='lat' dir='ltr'>Caeterum</span> <span class='ocrx_word' id='word_1_213' title='bbox 608 2155 730 2204; x_wconf 88' lang='lat' dir='ltr'>heic</span> <span class='ocrx_word' id='word_1_214' title='bbox 761 2150 1282 2200; x_wconf 83' lang='lat' dir='ltr'>animadvertendum</span> <span class='ocrx_word' id='word_1_215' title='bbox 1316 2161 1413 2208; x_wconf 86' lang='lat' dir='ltr'>est,</span> <span class='ocrx_word' id='word_1_216' title='bbox 1455 2149 1778 2200; x_wconf 86' lang='lat' dir='ltr'>commercio</span> <span class='ocrx_word' id='word_1_217' title='bbox 1806 2149 2025 2198; x_wconf 87' lang='lat' dir='ltr'>Aethio-</span> 
     </span>
     <span class='ocr_line' id='line_1_30' title="bbox 150 2220 2029 2290; baseline -0.002 -18"><span class='ocrx_word' id='word_1_218' title='bbox 150 2241 305 2289; x_wconf 82' lang='lat' dir='ltr'>pum,</span> <span class='ocrx_word' id='word_1_219' title='bbox 367 2224 511 2290; x_wconf 86' lang='lat' dir='ltr'>quod</span> <span class='ocrx_word' id='word_1_220' title='bbox 553 2224 656 2289; x_wconf 88' lang='lat' dir='ltr'>jam</span> <span class='ocrx_word' id='word_1_221' title='bbox 701 2225 763 2273; x_wconf 90' lang='lat' dir='ltr'>ab</span> <span class='ocrx_word' id='word_1_222' title='bbox 806 2222 1008 2288; x_wconf 83' lang='lat' dir='ltr'>aliquot</span> <span class='ocrx_word' id='word_1_223' title='bbox 1057 2222 1280 2270; x_wconf 88' lang='lat' dir='ltr'>saeculis</span> <span class='ocrx_word' id='word_1_224' title='bbox 1330 2221 1473 2269; x_wconf 85' lang='lat' dir='ltr'>inter</span> <span class='ocrx_word' id='word_1_225' title='bbox 1517 2235 1637 2269; x_wconf 89' lang='lat' dir='ltr'>oras</span> <span class='ocrx_word' id='word_1_226' title='bbox 1683 2220 1923 2270; x_wconf 86' lang='lat' dir='ltr'>Guineae</span> <span class='ocrx_word' id='word_1_227' title='bbox 1975 2230 2029 2268; x_wconf 88' lang='lat' dir='ltr'>et</span> 
     </span>
     <span class='ocr_line' id='line_1_31' title="bbox 146 2289 2027 2360; baseline -0.003 -17"><span class='ocrx_word' id='word_1_228' title='bbox 146 2293 517 2360; x_wconf 87' lang='lat' dir='ltr'>Mosambique</span> <span class='ocrx_word' id='word_1_229' title='bbox 578 2311 695 2342; x_wconf 90' lang='lat' dir='ltr'>cum</span> <span class='ocrx_word' id='word_1_230' title='bbox 777 2290 1007 2340; x_wconf 86' lang='lat' dir='ltr'>Brasilia</span> <span class='ocrx_word' id='word_1_231' title='bbox 1070 2291 1308 2350; x_wconf 84' lang='lat' dir='ltr'>obtinet,</span> <span class='ocrx_word' id='word_1_232' title='bbox 1385 2289 1537 2339; x_wconf 83' lang='lat' dir='ltr'>effici</span> <span class='ocrx_word' id='word_1_233' title='bbox 1596 2300 1653 2338; x_wconf 91' lang='lat' dir='ltr'>ut</span> <span class='ocrx_word' id='word_1_234' title='bbox 1711 2303 1845 2357; x_wconf 83' lang='lat' dir='ltr'>quae</span> <span class='ocrx_word' id='word_1_235' title='bbox 1901 2305 2027 2338; x_wconf 84' lang='lat' dir='ltr'>vera</span> 
     </span>
     <span class='ocr_line' id='line_1_32' title="bbox 148 2358 2029 2431; baseline -0.003 -20"><span class='ocrx_word' id='word_1_236' title='bbox 148 2363 444 2431; x_wconf 82' lang='lat' dir='ltr'>graminum</span> <span class='ocrx_word' id='word_1_237' title='bbox 493 2363 546 2410; x_wconf 91' lang='lat' dir='ltr'>in</span> <span class='ocrx_word' id='word_1_238' title='bbox 590 2364 751 2412; x_wconf 90' lang='lat' dir='ltr'>Flora</span> <span class='ocrx_word' id='word_1_239' title='bbox 788 2360 1104 2409; x_wconf 77' lang='lat' dir='ltr'>Brasiliensi</span> <span class='ocrx_word' id='word_1_240' title='bbox 1142 2360 1532 2409; x_wconf 89' lang='lat' dir='ltr'>recensitorum</span> <span class='ocrx_word' id='word_1_241' title='bbox 1576 2359 1746 2424; x_wconf 89' lang='lat' dir='ltr'>patria</span> <span class='ocrx_word' id='word_1_242' title='bbox 1794 2358 1891 2417; x_wconf 85' lang='lat' dir='ltr'>sit,</span> <span class='ocrx_word' id='word_1_243' title='bbox 1940 2358 2029 2407; x_wconf 80' lang='lat' dir='ltr'>vix</span> 
     </span>
     <span class='ocr_line' id='line_1_33' title="bbox 148 2429 2028 2496; baseline -0.002 -14"><span class='ocrx_word' id='word_1_244' title='bbox 148 2431 361 2482; x_wconf 85' lang='lat' dir='ltr'>definiri</span> <span class='ocrx_word' id='word_1_245' title='bbox 403 2433 592 2496; x_wconf 87' lang='lat' dir='ltr'>possit.</span> <span class='ocrx_word' id='word_1_246' title='bbox 681 2435 794 2481; x_wconf 90' lang='lat' dir='ltr'>Hac</span> <span class='ocrx_word' id='word_1_247' title='bbox 849 2446 1042 2494; x_wconf 83' lang='lat' dir='ltr'>nempe</span> <span class='ocrx_word' id='word_1_248' title='bbox 1090 2429 1170 2479; x_wconf 88' lang='lat' dir='ltr'>via</span> <span class='ocrx_word' id='word_1_249' title='bbox 1222 2430 1409 2478; x_wconf 85' lang='lat' dir='ltr'>multas</span> <span class='ocrx_word' id='word_1_250' title='bbox 1448 2431 1682 2496; x_wconf 85' lang='lat' dir='ltr'>plantas,</span> <span class='ocrx_word' id='word_1_251' title='bbox 1723 2445 1854 2496; x_wconf 89' lang='lat' dir='ltr'>quae</span> <span class='ocrx_word' id='word_1_252' title='bbox 1889 2445 2028 2478; x_wconf 88' lang='lat' dir='ltr'>nunc</span> 
     </span>
     <span class='ocr_line' id='line_1_34' title="bbox 145 2498 2026 2569; baseline -0.003 -18"><span class='ocrx_word' id='word_1_253' title='bbox 145 2502 405 2551; x_wconf 86' lang='lat' dir='ltr'>Brasiliae</span> <span class='ocrx_word' id='word_1_254' title='bbox 456 2503 739 2569; x_wconf 79' lang='lat' dir='ltr'>indigenae</span> <span class='ocrx_word' id='word_1_255' title='bbox 784 2510 1032 2566; x_wconf 88' lang='lat' dir='ltr'>putantur</span> <span class='ocrx_word' id='word_1_256' title='bbox 1074 2517 1136 2548; x_wconf 87' lang='lat' dir='ltr'>ex</span> <span class='ocrx_word' id='word_1_257' title='bbox 1177 2499 1258 2548; x_wconf 91' lang='lat' dir='ltr'>his</span> <span class='ocrx_word' id='word_1_258' title='bbox 1295 2500 1404 2550; x_wconf 90' lang='lat' dir='ltr'>oris</span> <span class='ocrx_word' id='word_1_259' title='bbox 1441 2517 1559 2548; x_wconf 90' lang='lat' dir='ltr'>cum</span> <span class='ocrx_word' id='word_1_260' title='bbox 1597 2499 1822 2547; x_wconf 85' lang='lat' dir='ltr'>miserae</span> <span class='ocrx_word' id='word_1_261' title='bbox 1865 2498 2026 2548; x_wconf 89' lang='lat' dir='ltr'>sortis</span> 
     </span>
     <span class='ocr_line' id='line_1_35' title="bbox 144 2567 2026 2632; baseline -0.004 -11"><span class='ocrx_word' id='word_1_262' title='bbox 144 2571 452 2621; x_wconf 86' lang='lat' dir='ltr'>hominibus</span> <span class='ocrx_word' id='word_1_263' title='bbox 533 2573 705 2621; x_wconf 85' lang='lat' dir='ltr'>illatas</span> <span class='ocrx_word' id='word_1_264' title='bbox 779 2588 895 2620; x_wconf 80' lang='lat' dir='ltr'>esse</span> <span class='ocrx_word' id='word_1_265' title='bbox 960 2586 1090 2618; x_wconf 89' lang='lat' dir='ltr'>vero</span> <span class='ocrx_word' id='word_1_266' title='bbox 1159 2568 1333 2618; x_wconf 86' lang='lat' dir='ltr'>simile</span> <span class='ocrx_word' id='word_1_267' title='bbox 1393 2569 1665 2629; x_wconf 67' lang='lat' dir='ltr'>redditur,</span> <span class='ocrx_word' id='word_1_268' title='bbox 1728 2567 1879 2632; x_wconf 27' lang='lat' dir='ltr'>*cujus</span> <span class='ocrx_word' id='word_1_269' title='bbox 1943 2568 2026 2625; x_wconf 65' lang='lat' dir='ltr'>izei</span> 
     </span>
     <span class='ocr_line' id='line_1_36' title="bbox 145 2638 2025 2704; baseline -0.002 -15"><span class='ocrx_word' id='word_1_270' title='bbox 145 2641 460 2689; x_wconf 87' lang='lat' dir='ltr'>Panicum</span> <span class='ocrx_word' id='word_1_271' title='bbox 498 2642 960 2690; x_wconf 88' lang='lat' dir='ltr'>numidianum</span> <span class='ocrx_word' id='word_1_272' title='bbox 1001 2651 1051 2688; x_wconf 87' lang='lat' dir='ltr'>et</span> <span class='ocrx_word' id='word_1_273' title='bbox 1085 2639 1477 2704; x_wconf 87' lang='lat' dir='ltr'>spectabile</span> <span class='ocrx_word' id='word_1_274' title='bbox 1504 2638 1682 2687; x_wconf 87' lang='lat' dir='ltr'>forsan</span> <span class='ocrx_word' id='word_1_275' title='bbox 1704 2649 1821 2687; x_wconf 89' lang='lat' dir='ltr'>sunt</span> <span class='ocrx_word' id='word_1_276' title='bbox 1843 2648 2025 2686; x_wconf 87' lang='lat' dir='ltr'>testes.</span> 
     </span>
     <span class='ocr_line' id='line_1_37' title="bbox 149 2706 2026 2786; baseline -0.001 -30"><span class='ocrx_word' id='word_1_277' title='bbox 149 2713 298 2786; x_wconf 70' lang='lat' dir='ltr'>Quae</span> <span class='ocrx_word' id='word_1_278' title='bbox 345 2711 563 2777; x_wconf 88' lang='lat' dir='ltr'>quidem</span> <span class='ocrx_word' id='word_1_279' title='bbox 599 2710 875 2760; x_wconf 80' lang='lat' dir='ltr'>difficultas</span> <span class='ocrx_word' id='word_1_280' title='bbox 921 2709 973 2756; x_wconf 90' lang='lat' dir='ltr'>in</span> <span class='ocrx_word' id='word_1_281' title='bbox 1019 2708 1131 2757; x_wconf 85' lang='lat' dir='ltr'>dies</span> <span class='ocrx_word' id='word_1_282' title='bbox 1174 2720 1426 2775; x_wconf 83' lang='lat' dir='ltr'>augetur,</span> <span class='ocrx_word' id='word_1_283' title='bbox 1481 2726 1640 2776; x_wconf 90' lang='lat' dir='ltr'>quum</span> <span class='ocrx_word' id='word_1_284' title='bbox 1683 2718 1868 2773; x_wconf 90' lang='lat' dir='ltr'>portus</span> <span class='ocrx_word' id='word_1_285' title='bbox 1909 2706 2026 2755; x_wconf 87' lang='lat' dir='ltr'>bra-</span> 
     </span>
     <span class='ocr_line' id='line_1_38' title="bbox 149 2776 2023 2844; baseline -0.003 -13"><span class='ocrx_word' id='word_1_286' title='bbox 149 2781 397 2831; x_wconf 87' lang='lat' dir='ltr'>silienses</span> <span class='ocrx_word' id='word_1_287' title='bbox 449 2798 554 2828; x_wconf 92' lang='lat' dir='ltr'>non</span> <span class='ocrx_word' id='word_1_288' title='bbox 607 2781 773 2830; x_wconf 88' lang='lat' dir='ltr'>solum</span> <span class='ocrx_word' id='word_1_289' title='bbox 833 2798 859 2827; x_wconf 90' lang='lat' dir='ltr'>a</span> <span class='ocrx_word' id='word_1_290' title='bbox 916 2779 1134 2827; x_wconf 86' lang='lat' dir='ltr'>navibus</span> <span class='ocrx_word' id='word_1_291' title='bbox 1185 2779 1496 2844; x_wconf 86' lang='lat' dir='ltr'>europaeis,</span> <span class='ocrx_word' id='word_1_292' title='bbox 1559 2795 1739 2826; x_wconf 84' lang='lat' dir='ltr'>verum</span> <span class='ocrx_word' id='word_1_293' title='bbox 1797 2776 1952 2824; x_wconf 85' lang='lat' dir='ltr'>etiam</span> <span class='ocrx_word' id='word_1_294' title='bbox 1994 2793 2023 2825; x_wconf 84' lang='lat' dir='ltr'>e</span> 
     </span>
     <span class='ocr_line' id='line_1_39' title="bbox 146 2846 2023 2913; baseline -0.004 -12"><span class='ocrx_word' id='word_1_295' title='bbox 146 2849 529 2901; x_wconf 86' lang='lat' dir='ltr'>Promontorio</span> <span class='ocrx_word' id='word_1_296' title='bbox 582 2850 754 2899; x_wconf 89' lang='lat' dir='ltr'>honae</span> <span class='ocrx_word' id='word_1_297' title='bbox 809 2847 958 2913; x_wconf 77' lang='lat' dir='ltr'>spei,</span> <span class='ocrx_word' id='word_1_298' title='bbox 1042 2865 1104 2896; x_wconf 87' lang='lat' dir='ltr'>ex</span> <span class='ocrx_word' id='word_1_299' title='bbox 1155 2849 1404 2897; x_wconf 89' lang='lat' dir='ltr'>orientali</span> <span class='ocrx_word' id='word_1_300' title='bbox 1452 2848 1610 2897; x_wconf 88' lang='lat' dir='ltr'>Jndia</span> <span class='ocrx_word' id='word_1_301' title='bbox 1675 2857 1730 2896; x_wconf 90' lang='lat' dir='ltr'>et</span> <span class='ocrx_word' id='word_1_302' title='bbox 1778 2846 2023 2896; x_wconf 87' lang='lat' dir='ltr'>America</span> 
     </span>
     <span class='ocr_line' id='line_1_40' title="bbox 145 2914 1289 2985; baseline -0.001 -19"><span class='ocrx_word' id='word_1_303' title='bbox 145 2918 355 2971; x_wconf 78' lang='lat' dir='ltr'>boreali</span> <span class='ocrx_word' id='word_1_304' title='bbox 395 2919 796 2969; x_wconf 87' lang='lat' dir='ltr'>adventantibus</span> <span class='ocrx_word' id='word_1_305' title='bbox 835 2920 1251 2985; x_wconf 67' lang='lat' dir='ltr'>frequententur.</span> <span class='ocrx_word' id='word_1_306' title='bbox 1288 2914 1289 2917; x_wconf 29' lang='lat'>¹</span> 
     </span>
    </p>

    <p class='ocr_par' dir='ltr' id='par_1_5' title="bbox 152 2983 2028 3541">
     <span class='ocr_line' id='line_1_41' title="bbox 296 2983 2023 3054; baseline -0.003 -16"><span class='ocrx_word' id='word_1_307' title='bbox 296 2989 713 3053; x_wconf 72' lang='lat' dir='ltr'>Supersedemus</span> <span class='ocrx_word' id='word_1_308' title='bbox 763 2990 942 3054; x_wconf 82' lang='lat' dir='ltr'>itaque</span> <span class='ocrx_word' id='word_1_309' title='bbox 994 2986 1361 3036; x_wconf 87' lang='lat' dir='ltr'>enumerandis</span> <span class='ocrx_word' id='word_1_310' title='bbox 1413 2996 1653 3036; x_wconf 78' lang='lat' dir='ltr'>accurate</span> <span class='ocrx_word' id='word_1_311' title='bbox 1706 2983 2023 3050; x_wconf 85' lang='lat' dir='ltr'>speciebus,</span> 
     </span>
     <span class='ocr_line' id='line_1_42' title="bbox 158 3053 2025 3125; baseline -0.001 -21"><span class='ocrx_word' id='word_1_312' title='bbox 158 3075 286 3125; x_wconf 89' lang='lat' dir='ltr'>quas</span> <span class='ocrx_word' id='word_1_313' title='bbox 326 3058 548 3105; x_wconf 84' lang='lat' dir='ltr'>Brasilia</span> <span class='ocrx_word' id='word_1_314' title='bbox 582 3075 699 3106; x_wconf 90' lang='lat' dir='ltr'>cum</span> <span class='ocrx_word' id='word_1_315' title='bbox 740 3057 857 3105; x_wconf 89' lang='lat' dir='ltr'>aliis</span> <span class='ocrx_word' id='word_1_316' title='bbox 895 3056 1204 3123; x_wconf 82' lang='lat' dir='ltr'>regionibus</span> <span class='ocrx_word' id='word_1_317' title='bbox 1244 3072 1548 3104; x_wconf 89' lang='lat' dir='ltr'>communes</span> <span class='ocrx_word' id='word_1_318' title='bbox 1584 3054 1772 3112; x_wconf 81' lang='lat' dir='ltr'>babet,</span> <span class='ocrx_word' id='word_1_319' title='bbox 1811 3053 2025 3120; x_wconf 87' lang='lat' dir='ltr'>conjec-</span> 
     </span>
     <span class='ocr_line' id='line_1_43' title="bbox 153 3124 2025 3193; baseline -0.002 -17"><span class='ocrx_word' id='word_1_320' title='bbox 153 3127 397 3193; x_wconf 84' lang='lat' dir='ltr'>turisque</span> <span class='ocrx_word' id='word_1_321' title='bbox 445 3144 603 3192; x_wconf 87' lang='lat' dir='ltr'>super</span> <span class='ocrx_word' id='word_1_322' title='bbox 651 3145 830 3176; x_wconf 84' lang='lat' dir='ltr'>earum</span> <span class='ocrx_word' id='word_1_323' title='bbox 887 3143 1161 3173; x_wconf 84' lang='lat' dir='ltr'>numerum</span> <span class='ocrx_word' id='word_1_324' title='bbox 1206 3124 1562 3183; x_wconf 77' lang='lat' dir='ltr'>deducendi5‚</span> <span class='ocrx_word' id='word_1_325' title='bbox 1615 3141 1782 3190; x_wconf 88' lang='lat' dir='ltr'>quae,</span> <span class='ocrx_word' id='word_1_326' title='bbox 1833 3134 1890 3171; x_wconf 93' lang='lat' dir='ltr'>ut</span> <span class='ocrx_word' id='word_1_327' title='bbox 1937 3137 2025 3173; x_wconf 82' lang='lat' dir='ltr'>res</span> 
     </span>
     <span class='ocr_line' id='line_1_44' title="bbox 152 3192 2027 3261; baseline -0.002 -17"><span class='ocrx_word' id='word_1_328' title='bbox 152 3212 291 3245; x_wconf 85' lang='lat' dir='ltr'>nunc</span> <span class='ocrx_word' id='word_1_329' title='bbox 330 3206 479 3253; x_wconf 84' lang='lat' dir='ltr'>sunt,</span> <span class='ocrx_word' id='word_1_330' title='bbox 530 3214 634 3244; x_wconf 90' lang='lat' dir='ltr'>non</span> <span class='ocrx_word' id='word_1_331' title='bbox 679 3214 795 3245; x_wconf 82' lang='lat' dir='ltr'>esse</span> <span class='ocrx_word' id='word_1_332' title='bbox 835 3212 1227 3261; x_wconf 82' lang='lat' dir='ltr'>praeproperae</span> <span class='ocrx_word' id='word_1_333' title='bbox 1266 3212 1366 3243; x_wconf 92' lang='lat' dir='ltr'>non</span> <span class='ocrx_word' id='word_1_334' title='bbox 1406 3204 1639 3258; x_wconf 78' lang='lat' dir='ltr'>possunt.</span> <span class='ocrx_word' id='word_1_335' title='bbox 1717 3192 2027 3253; x_wconf 79' lang='lat' dir='ltr'>suffecerit,</span> 
     </span>
     <span class='ocr_line' id='line_1_45' title="bbox 155 3263 2028 3329; baseline -0.002 -14"><span class='ocrx_word' id='word_1_336' title='bbox 155 3267 200 3315; x_wconf 81' lang='lat' dir='ltr'>si</span> <span class='ocrx_word' id='word_1_337' title='bbox 249 3281 525 3314; x_wconf 87' lang='lat' dir='ltr'>numerum</span> <span class='ocrx_word' id='word_1_338' title='bbox 569 3267 863 3329; x_wconf 86' lang='lat' dir='ltr'>specierum</span> <span class='ocrx_word' id='word_1_339' title='bbox 903 3264 956 3311; x_wconf 93' lang='lat' dir='ltr'>in</span> <span class='ocrx_word' id='word_1_340' title='bbox 1012 3264 1107 3312; x_wconf 90' lang='lat' dir='ltr'>hac</span> <span class='ocrx_word' id='word_1_341' title='bbox 1146 3265 1302 3312; x_wconf 85' lang='lat' dir='ltr'>Flora</span> <span class='ocrx_word' id='word_1_342' title='bbox 1339 3263 1750 3319; x_wconf 85' lang='lat' dir='ltr'>recensitarum,</span> <span class='ocrx_word' id='word_1_343' title='bbox 1823 3279 2028 3329; x_wconf 82' lang='lat' dir='ltr'>perque</span> 
     </span>
     <span class='ocr_line' id='line_1_46' title="bbox 153 3332 2026 3400; baseline -0.002 -15"><span class='ocrx_word' id='word_1_344' title='bbox 153 3335 380 3385; x_wconf 83' lang='lat' dir='ltr'>familias</span> <span class='ocrx_word' id='word_1_345' title='bbox 420 3333 768 3400; x_wconf 79' lang='lat' dir='ltr'>digestarum,</span> <span class='ocrx_word' id='word_1_346' title='bbox 810 3350 925 3381; x_wconf 76' lang='lat' dir='ltr'>curn</span> <span class='ocrx_word' id='word_1_347' title='bbox 966 3333 1072 3380; x_wconf 83' lang='lat' dir='ltr'>illis</span> <span class='ocrx_word' id='word_1_348' title='bbox 1113 3348 1503 3398; x_wconf 83' lang='lat' dir='ltr'>comparamus,</span> <span class='ocrx_word' id='word_1_349' title='bbox 1545 3351 1674 3398; x_wconf 87' lang='lat' dir='ltr'>quas</span> <span class='ocrx_word' id='word_1_350' title='bbox 1711 3332 1895 3396; x_wconf 83' lang='lat' dir='ltr'>inclyti</span> <span class='ocrx_word' id='word_1_351' title='bbox 1932 3349 2026 3398; x_wconf 84' lang='lat' dir='ltr'>pe-</span> 
     </span>
     <span class='ocr_line' id='line_1_47' title="bbox 155 3401 2023 3471; baseline -0.001 -17"><span class='ocrx_word' id='word_1_352' title='bbox 155 3404 520 3471; x_wconf 80' lang='lat' dir='ltr'>regrinatores</span> <span class='ocrx_word' id='word_1_353' title='bbox 587 3404 667 3453; x_wconf 79' lang='lat' dir='ltr'>Al.</span> <span class='ocrx_word' id='word_1_354' title='bbox 727 3405 791 3452; x_wconf 87' lang='lat' dir='ltr'>de</span> <span class='ocrx_word' id='word_1_355' title='bbox 843 3419 1149 3451; x_wconf 48' lang='lat' dir='ltr'>uumssorin&#39;r</span> <span class='ocrx_word' id='word_1_356' title='bbox 1214 3413 1265 3450; x_wconf 90' lang='lat' dir='ltr'>et</span> <span class='ocrx_word' id='word_1_357' title='bbox 1324 3419 1616 3451; x_wconf 46' lang='lat' dir='ltr'>Bourrnm&#39;n</span> <span class='ocrx_word' id='word_1_358' title='bbox 1679 3401 1876 3453; x_wconf 83' lang='lat' dir='ltr'>itinere</span> <span class='ocrx_word' id='word_1_359' title='bbox 1930 3418 2023 3452; x_wconf 82' lang='lat' dir='ltr'>suo</span> 
     </span>
     <span class='ocr_line' id='line_1_48' title="bbox 155 3471 1388 3541; baseline -0.004 -16"><span class='ocrx_word' id='word_1_360' title='bbox 155 3474 481 3535; x_wconf 70' lang='lat' dir='ltr'>retulerunt3</span> <span class='ocrx_word' id='word_1_361' title='bbox 520 3472 574 3521; x_wconf 86' lang='lat' dir='ltr'>id</span> <span class='ocrx_word' id='word_1_362' title='bbox 611 3473 752 3541; x_wconf 88' lang='lat' dir='ltr'>quod</span> <span class='ocrx_word' id='word_1_363' title='bbox 791 3473 1058 3539; x_wconf 63' lang='lat' dir='ltr'>praesenti</span> <span class='ocrx_word' id='word_1_364' title='bbox 1094 3471 1153 3519; x_wconf 82' lang='lat' dir='ltr'>fit</span> <span class='ocrx_word' id='word_1_365' title='bbox 1190 3471 1388 3520; x_wconf 88' lang='lat' dir='ltr'>tabula:</span> 
     </span>
    </p>
   </div>
  </div>
 </body>
</html>
