<?xml version="1.0" encoding="UTF-8"?>
<!DOCTYPE html PUBLIC "-//W3C//DTD XHTML 1.0 Transitional//EN"
    "http://www.w3.org/TR/xhtml1/DTD/xhtml1-transitional.dtd">
<html xmlns="http://www.w3.org/1999/xhtml" xml:lang="en" lang="en">
 <head>
  <title>
</title>
<meta http-equiv="Content-Type" content="text/html;charset=utf-8" />
  <meta name='ocr-system' content='tesseract 3.04.00' />
  <meta name='ocr-capabilities' content='ocr_page ocr_carea ocr_par ocr_line ocrx_word'/>
</head>
<body>
  <div class='ocr_page' id='page_1' title='image "./florabrasiliensi02mart_0165.png"; bbox 0 0 2100 3882; ppageno 0'>
   <div class='ocr_carea' id='block_1_1' title="bbox 622 159 1922 215">
    <p class='ocr_par' dir='ltr' id='par_1_1' title="bbox 622 159 1922 215">
     <span class='ocr_line' id='line_1_1' title="bbox 622 159 1922 215; baseline 0.003 -5"><span class='ocrx_word' id='word_1_1' title='bbox 622 159 970 210; x_wconf 51' lang='lat' dir='ltr'>Gariannum.</span> <span class='ocrx_word' id='word_1_2' title='bbox 1043 159 1311 209; x_wconf 70' lang='lat' dir='ltr'>PAmcmt‘.</span> <span class='ocrx_word' id='word_1_3' title='bbox 1820 160 1922 215; x_wconf 85' lang='lat'>151</span> 
     </span>
    </p>
   </div>
   <div class='ocr_carea' id='block_1_2' title="bbox 427 323 1552 372">
    <p class='ocr_par' dir='ltr' id='par_1_2' title="bbox 427 323 1552 372">
     <span class='ocr_line' id='line_1_2' title="bbox 427 323 1552 372; baseline -0.002 -7"><span class='ocrx_word' id='word_1_4' title='bbox 427 323 503 372; x_wconf 63' lang='grc'>40.</span> <span class='ocrx_word' id='word_1_5' title='bbox 556 329 897 366; x_wconf 71' lang='lat' dir='ltr'>PANICUM</span> <span class='ocrx_word' id='word_1_6' title='bbox 950 326 1552 366; x_wconf 66' lang='lat' dir='ltr'><strong>FASCICULATUM·</strong></span> 
     </span>
    </p>
   </div>
   <div class='ocr_carea' id='block_1_3' title="bbox 54 432 1928 785">
    <p class='ocr_par' dir='ltr' id='par_1_3' title="bbox 54 432 1928 785">
     <span class='ocr_line' id='line_1_3' title="bbox 192 432 1928 509; baseline -0.003 -15"><span class='ocrx_word' id='word_1_7' title='bbox 192 447 253 494; x_wconf 90' lang='lat' dir='ltr'>P.</span> <span class='ocrx_word' id='word_1_8' title='bbox 291 459 507 493; x_wconf 83' lang='lat' dir='ltr'><strong>racemo</strong></span> <span class='ocrx_word' id='word_1_9' title='bbox 543 442 912 508; x_wconf 86' lang='lat' dir='ltr'>decomposito</span> <span class='ocrx_word' id='word_1_10' title='bbox 951 441 1345 509; x_wconf 83' lang='lat' dir='ltr'>subfastigiato,</span> <span class='ocrx_word' id='word_1_11' title='bbox 1385 434 1698 509; x_wconf 78' lang='lat' dir='ltr'>partialibus</span> <span class='ocrx_word' id='word_1_12' title='bbox 1735 432 1928 489; x_wconf 55' lang='lat' dir='ltr'>securi-⁹</span> 
     </span>
     <span class='ocr_line' id='line_1_4' title="bbox 57 507 1924 580; baseline -0.003 -15"><span class='ocrx_word' id='word_1_13' title='bbox 57 514 176 574; x_wconf 86' lang='lat' dir='ltr'>dis,</span> <span class='ocrx_word' id='word_1_14' title='bbox 216 513 494 580; x_wconf 85' lang='lat' dir='ltr'>pedicellis</span> <span class='ocrx_word' id='word_1_15' title='bbox 543 510 992 579; x_wconf 89' lang='lat' dir='ltr'>bi-quadrissoris</span> <span class='ocrx_word' id='word_1_16' title='bbox 1039 511 1153 560; x_wconf 85' lang='lat' dir='ltr'>basi</span> <span class='ocrx_word' id='word_1_17' title='bbox 1202 511 1477 575; x_wconf 89' lang='lat' dir='ltr'>pilosulis,</span> <span class='ocrx_word' id='word_1_18' title='bbox 1530 507 1752 577; x_wconf 88' lang='lat' dir='ltr'>spiculis</span> <span class='ocrx_word' id='word_1_19' title='bbox 1790 508 1924 560; x_wconf 90' lang='lat' dir='ltr'>obo-</span> 
     </span>
     <span class='ocr_line' id='line_1_5' title="bbox 55 577 1920 645; baseline -0.003 -11"><span class='ocrx_word' id='word_1_20' title='bbox 55 584 190 634; x_wconf 80' lang='lat' dir='ltr'>vatis</span> <span class='ocrx_word' id='word_1_21' title='bbox 228 581 565 632; x_wconf 86' lang='lat' dir='ltr'>acutiusculis</span> <span class='ocrx_word' id='word_1_22' title='bbox 589 581 885 630; x_wconf 68' lang='lat' dir='ltr'>reticulatis</span> <span class='ocrx_word' id='word_1_23' title='bbox 924 580 1149 645; x_wconf 79' lang='lat' dir='ltr'>glabris,</span> <span class='ocrx_word' id='word_1_24' title='bbox 1205 578 1427 629; x_wconf 86' lang='lat' dir='ltr'>flosculo</span> <span class='ocrx_word' id='word_1_25' title='bbox 1469 591 1662 629; x_wconf 91' lang='lat' dir='ltr'>neutro</span> <span class='ocrx_word' id='word_1_26' title='bbox 1701 577 1920 639; x_wconf 83' lang='lat' dir='ltr'>bivalvi,</span> 
     </span>
     <span class='ocr_line' id='line_1_6' title="bbox 58 647 1921 716; baseline -0.002 -14"><span class='ocrx_word' id='word_1_27' title='bbox 58 654 229 702; x_wconf 84' lang='lat' dir='ltr'>culmo</span> <span class='ocrx_word' id='word_1_28' title='bbox 260 651 614 701; x_wconf 82' lang='lat' dir='ltr'>adscendente</span> <span class='ocrx_word' id='word_1_29' title='bbox 647 650 798 716; x_wconf 83' lang='lat' dir='ltr'>apice</span> <span class='ocrx_word' id='word_1_30' title='bbox 838 650 992 698; x_wconf 89' lang='lat' dir='ltr'>nodis</span> <span class='ocrx_word' id='word_1_31' title='bbox 1023 649 1335 715; x_wconf 84' lang='lat' dir='ltr'>vaginisque</span> <span class='ocrx_word' id='word_1_32' title='bbox 1361 649 1710 699; x_wconf 84' lang='lat' dir='ltr'>inferioribus</span> <span class='ocrx_word' id='word_1_33' title='bbox 1741 647 1921 699; x_wconf 86' lang='lat' dir='ltr'>tuber-</span> 
     </span>
     <span class='ocr_line' id='line_1_7' title="bbox 54 719 1570 785; baseline -0.004 -12"><span class='ocrx_word' id='word_1_34' title='bbox 54 723 241 772; x_wconf 86' lang='lat' dir='ltr'>culatis</span> <span class='ocrx_word' id='word_1_35' title='bbox 267 722 496 778; x_wconf 82' lang='lat' dir='ltr'><strong>villosis,</strong></span> <span class='ocrx_word' id='word_1_36' title='bbox 551 720 699 769; x_wconf 85' lang='lat' dir='ltr'>foliis</span> <span class='ocrx_word' id='word_1_37' title='bbox 734 719 1043 769; x_wconf 89' lang='lat' dir='ltr'>lanceolatis</span> <span class='ocrx_word' id='word_1_38' title='bbox 1084 719 1322 785; x_wconf 81' lang='lat' dir='ltr'>margine</span> <span class='ocrx_word' id='word_1_39' title='bbox 1353 719 1570 767; x_wconf 83' lang='lat' dir='ltr'>scabris.</span> 
     </span>
    </p>
   </div>
   <div class='ocr_carea' id='block_1_4' title="bbox 187 803 1916 1013">
    <p class='ocr_par' dir='ltr' id='par_1_4' title="bbox 187 803 1916 1013">
     <span class='ocr_line' id='line_1_8' title="bbox 187 803 1916 873; baseline -0.003 -13"><span class='ocrx_word' id='word_1_40' title='bbox 187 810 442 860; x_wconf 82' lang='lat' dir='ltr'>Panicum</span> <span class='ocrx_word' id='word_1_41' title='bbox 494 807 894 868; x_wconf 83' lang='lat' dir='ltr'>fasciculatum‚</span> <span class='ocrx_word' id='word_1_42' title='bbox 952 803 1060 856; x_wconf 75' lang='lat' dir='ltr'>Sto.</span> <span class='ocrx_word' id='word_1_43' title='bbox 1094 803 1176 853; x_wconf 87' lang='lat' dir='ltr'>Fl.</span> <span class='ocrx_word' id='word_1_44' title='bbox 1218 803 1340 854; x_wconf 81' lang='lat' dir='ltr'>Ind.</span> <span class='ocrx_word' id='word_1_45' title='bbox 1389 822 1499 857; x_wconf 78' lang='lat' dir='ltr'>occ·</span> <span class='ocrx_word' id='word_1_46' title='bbox 1531 804 1575 854; x_wconf 90' lang='lat' dir='ltr'>I.</span> <span class='ocrx_word' id='word_1_47' title='bbox 1602 824 1658 873; x_wconf 83' lang='grc' dir='ltr'>ρ.</span> <span class='ocrx_word' id='word_1_48' title='bbox 1700 808 1814 867; x_wconf 75' lang='grc'>145.</span> <span class='ocrx_word' id='word_1_49' title='bbox 1847 803 1916 854; x_wconf 84' lang='grc' dir='ltr'>Η.</span> 
     </span>
     <span class='ocr_line' id='line_1_9' title="bbox 254 872 1914 944; baseline -0.001 -18"><span class='ocrx_word' id='word_1_50' title='bbox 254 887 304 926; x_wconf 84' lang='lat' dir='ltr'>et</span> <span class='ocrx_word' id='word_1_51' title='bbox 335 875 400 927; x_wconf 72' lang='lat' dir='ltr'>Ji.</span> <span class='ocrx_word' id='word_1_52' title='bbox 436 876 574 925; x_wconf 66' lang='lat' dir='ltr'>Nou.</span> <span class='ocrx_word' id='word_1_53' title='bbox 609 875 670 925; x_wconf 86' lang='lat' dir='ltr'>G.</span> <span class='ocrx_word' id='word_1_54' title='bbox 704 885 753 925; x_wconf 86' lang='lat' dir='ltr'>et</span> <span class='ocrx_word' id='word_1_55' title='bbox 793 874 883 944; x_wconf 77' lang='lat' dir='ltr'>Sp.</span> <span class='ocrx_word' id='word_1_56' title='bbox 923 874 967 924; x_wconf 87' lang='lat' dir='ltr'>I.</span> <span class='ocrx_word' id='word_1_57' title='bbox 1001 894 1058 942; x_wconf 79' lang='lat' dir='ltr'>p.</span> <span class='ocrx_word' id='word_1_58' title='bbox 1102 877 1182 940; x_wconf 80' lang='lat'>98.</span> <span class='ocrx_word' id='word_1_59' title='bbox 1220 872 1426 923; x_wconf 75' lang='lat' dir='ltr'>Runtlz.</span> <span class='ocrx_word' id='word_1_60' title='bbox 1463 873 1597 942; x_wconf 64' lang='lat' dir='ltr'>Syn.</span> <span class='ocrx_word' id='word_1_61' title='bbox 1633 874 1679 924; x_wconf 91' lang='lat' dir='ltr'>I.</span> <span class='ocrx_word' id='word_1_62' title='bbox 1711 894 1766 941; x_wconf 81' lang='grc' dir='ltr'>ρ.</span> <span class='ocrx_word' id='word_1_63' title='bbox 1807 883 1914 943; x_wconf 75' lang='lat'><strong>¹74·</strong></span> 
     </span>
     <span class='ocr_line' id='line_1_10' title="bbox 255 940 1629 1013; baseline -0.002 -18"><span class='ocrx_word' id='word_1_64' title='bbox 255 945 374 1013; x_wconf 80' lang='lat' dir='ltr'>Spr.</span> <span class='ocrx_word' id='word_1_65' title='bbox 405 944 458 997; x_wconf 88' lang='lat' dir='ltr'>S.</span> <span class='ocrx_word' id='word_1_66' title='bbox 505 946 562 995; x_wconf 90' lang='lat' dir='ltr'>V.</span> <span class='ocrx_word' id='word_1_67' title='bbox 598 944 644 994; x_wconf 93' lang='lat' dir='ltr'>I.</span> <span class='ocrx_word' id='word_1_68' title='bbox 673 964 729 1013; x_wconf 81' lang='grc' dir='ltr'>ρ.</span> <span class='ocrx_word' id='word_1_69' title='bbox 766 946 884 998; x_wconf 88' lang='lat'>310.</span> <span class='ocrx_word' id='word_1_70' title='bbox 927 964 979 994; x_wconf 83' lang='lat'>11.</span> <span class='ocrx_word' id='word_1_71' title='bbox 1013 955 1097 1006; x_wconf 76' lang='grc' dir='ltr'>ίμ.</span> <span class='ocrx_word' id='word_1_72' title='bbox 1139 940 1480 1012; x_wconf 76' lang='lat' dir='ltr'>(excl.jbrte</span> <span class='ocrx_word' id='word_1_73' title='bbox 1507 962 1629 1012; x_wconf 71' lang='lat' dir='ltr'>syn.</span> 
     </span>
    </p>
   </div>
   <div class='ocr_carea' id='block_1_5' title="bbox 182 1030 1912 1187">
    <p class='ocr_par' dir='ltr' id='par_1_5' title="bbox 182 1030 1912 1187">
     <span class='ocr_line' id='line_1_11' title="bbox 183 1030 1123 1091; baseline -0.004 -7"><span class='ocrx_word' id='word_1_74' title='bbox 183 1036 385 1085; x_wconf 74' lang='lat' dir='ltr'>Panic«)</span> <span class='ocrx_word' id='word_1_75' title='bbox 423 1034 574 1083; x_wconf 85' lang='lat' dir='ltr'>fusco</span> <span class='ocrx_word' id='word_1_76' title='bbox 594 1034 854 1083; x_wconf 88' lang='lat' dir='ltr'>-rubente</span> <span class='ocrx_word' id='word_1_77' title='bbox 878 1071 890 1089; x_wconf 83' lang='lat'>,</span> <span class='ocrx_word' id='word_1_78' title='bbox 934 1030 1123 1091; x_wconf 79' lang='lat' dir='ltr'>Lam.)</span> 
     </span>
     <span class='ocr_line' id='line_1_12' title="bbox 182 1116 1912 1187; baseline -0.001 -15"><span class='ocrx_word' id='word_1_79' title='bbox 182 1124 435 1172; x_wconf 85' lang='lat' dir='ltr'>Panicum</span> <span class='ocrx_word' id='word_1_80' title='bbox 457 1122 844 1180; x_wconf 82' lang='lat' dir='ltr'>fasciculatum‚</span> <span class='ocrx_word' id='word_1_81' title='bbox 885 1121 1155 1187; x_wconf 78' lang='lat' dir='ltr'>nigricans</span> <span class='ocrx_word' id='word_1_82' title='bbox 1175 1132 1224 1170; x_wconf 88' lang='lat' dir='ltr'>et</span> <span class='ocrx_word' id='word_1_83' title='bbox 1245 1120 1477 1181; x_wconf 87' lang='lat' dir='ltr'>fuscum,</span> <span class='ocrx_word' id='word_1_84' title='bbox 1515 1116 1678 1168; x_wconf 85' lang='lat' dir='ltr'>Herb.</span> <span class='ocrx_word' id='word_1_85' title='bbox 1719 1117 1912 1170; x_wconf 45' lang='lat' dir='ltr'>l&#39;Villd.</span> 
     </span>
    </p>
   </div>
   <div class='ocr_carea' id='block_1_6' title="bbox 43 1205 1915 1345">
    <p class='ocr_par' dir='ltr' id='par_1_6' title="bbox 43 1205 1915 1345">
     <span class='ocr_line' id='line_1_13' title="bbox 180 1205 1915 1276; baseline -0.002 -18"><span class='ocrx_word' id='word_1_86' title='bbox 180 1209 404 1258; x_wconf 76' lang='lat' dir='ltr'>Habitat</span> <span class='ocrx_word' id='word_1_87' title='bbox 431 1209 483 1257; x_wconf 78' lang='lat' dir='ltr'>in</span> <span class='ocrx_word' id='word_1_88' title='bbox 519 1205 827 1276; x_wconf 71' lang='lat' dir='ltr'>ripaflurii</span> <span class='ocrx_word' id='word_1_89' title='bbox 849 1207 1059 1275; x_wconf 74' lang='lat' dir='ltr'>Japzzra&#39;</span> <span class='ocrx_word' id='word_1_90' title='bbox 1088 1216 1136 1256; x_wconf 85' lang='lat' dir='ltr'>el</span> <span class='ocrx_word' id='word_1_91' title='bbox 1165 1207 1236 1256; x_wconf 79' lang='lat' dir='ltr'>ad</span> <span class='ocrx_word' id='word_1_92' title='bbox 1266 1206 1443 1267; x_wconf 79' lang='lat' dir='ltr'>Coari,</span> <span class='ocrx_word' id='word_1_93' title='bbox 1478 1216 1529 1256; x_wconf 83' lang='lat' dir='ltr'>et</span> <span class='ocrx_word' id='word_1_94' title='bbox 1558 1205 1754 1274; x_wconf 80' lang='lat' dir='ltr'>Egam,</span> <span class='ocrx_word' id='word_1_95' title='bbox 1784 1225 1915 1273; x_wconf 83' lang='lat' dir='ltr'>pro-</span> 
     </span>
     <span class='ocr_line' id='line_1_14' title="bbox 43 1276 1876 1345; baseline -0.002 -15"><span class='ocrx_word' id='word_1_96' title='bbox 43 1279 250 1331; x_wconf 78' lang='lat' dir='ltr'>vinciae</span> <span class='ocrx_word' id='word_1_97' title='bbox 279 1277 545 1328; x_wconf 76' lang='lat' dir='ltr'>Fluminis</span> <span class='ocrx_word' id='word_1_98' title='bbox 579 1277 739 1345; x_wconf 76' lang='lat' dir='ltr'>nigri.</span> <span class='ocrx_word' id='word_1_99' title='bbox 815 1276 999 1327; x_wconf 82' lang='lat' dir='ltr'>Floret</span> <span class='ocrx_word' id='word_1_100' title='bbox 1025 1276 1289 1327; x_wconf 77' lang='lat' dir='ltr'>Jamzario</span> <span class='ocrx_word' id='word_1_101' title='bbox 1317 1287 1367 1327; x_wconf 83' lang='lat' dir='ltr'>et</span> <span class='ocrx_word' id='word_1_102' title='bbox 1403 1276 1716 1327; x_wconf 76' lang='lat' dir='ltr'>Februario.</span> <span class='ocrx_word' id='word_1_103' title='bbox 1791 1283 1876 1343; x_wconf 58' lang='grc' dir='ltr'>Ἃ..</span> 
     </span>
    </p>
   </div>
   <div class='ocr_carea' id='block_1_7' title="bbox 37 1365 1914 1977">
    <p class='ocr_par' dir='ltr' id='par_1_7' title="bbox 37 1365 1914 1977">
     <span class='ocr_line' id='line_1_15' title="bbox 179 1365 1913 1432; baseline -0.002 -14"><span class='ocrx_word' id='word_1_104' title='bbox 179 1369 463 1419; x_wconf 86' lang='lat' dir='ltr'>Observ.</span> <span class='ocrx_word' id='word_1_105' title='bbox 503 1371 542 1416; x_wconf 93' lang='grc' dir='ltr'>Ι.</span> <span class='ocrx_word' id='word_1_106' title='bbox 611 1367 915 1432; x_wconf 88' lang='lat' dir='ltr'>Specimina</span> <span class='ocrx_word' id='word_1_107' title='bbox 946 1379 1127 1417; x_wconf 83' lang='lat' dir='ltr'>nostra</span> <span class='ocrx_word' id='word_1_108' title='bbox 1164 1367 1456 1417; x_wconf 86' lang='lat' dir='ltr'>Brasiliana</span> <span class='ocrx_word' id='word_1_109' title='bbox 1480 1379 1591 1417; x_wconf 89' lang='lat' dir='ltr'>tum</span> <span class='ocrx_word' id='word_1_110' title='bbox 1614 1383 1732 1415; x_wconf 89' lang='lat' dir='ltr'>cum</span> <span class='ocrx_word' id='word_1_111' title='bbox 1763 1365 1913 1431; x_wconf 85' lang='lat' dir='ltr'>plan·</span> 
     </span>
     <span class='ocr_line' id='line_1_16' title="bbox 44 1435 1911 1493; baseline -0.002 -4"><span class='ocrx_word' id='word_1_112' title='bbox 44 1450 96 1489; x_wconf 88' lang='lat' dir='ltr'>ta</span> <span class='ocrx_word' id='word_1_113' title='bbox 148 1438 498 1493; x_wconf 76' lang='lat' dir='ltr'>Swartziana,</span> <span class='ocrx_word' id='word_1_114' title='bbox 567 1436 620 1484; x_wconf 89' lang='lat' dir='ltr'>in</span> <span class='ocrx_word' id='word_1_115' title='bbox 673 1436 839 1486; x_wconf 88' lang='lat' dir='ltr'>Herb.</span> <span class='ocrx_word' id='word_1_116' title='bbox 901 1437 1291 1487; x_wconf 86' lang='lat' dir='ltr'>Schreberiano</span> <span class='ocrx_word' id='word_1_117' title='bbox 1350 1448 1402 1486; x_wconf 88' lang='lat' dir='ltr'>et</span> <span class='ocrx_word' id='word_1_118' title='bbox 1449 1435 1911 1487; x_wconf 62' lang='lat' dir='ltr'>WVilldenowiano</span> 
     </span>
     <span class='ocr_line' id='line_1_17' title="bbox 42 1506 1913 1573; baseline -0.002 -16"><span class='ocrx_word' id='word_1_119' title='bbox 42 1506 418 1573; x_wconf 86' lang='lat' dir='ltr'>comparanda,</span> <span class='ocrx_word' id='word_1_120' title='bbox 477 1517 587 1554; x_wconf 83' lang='lat' dir='ltr'>tum</span> <span class='ocrx_word' id='word_1_121' title='bbox 626 1522 744 1554; x_wconf 90' lang='lat' dir='ltr'>cum</span> <span class='ocrx_word' id='word_1_122' title='bbox 781 1506 1145 1572; x_wconf 84' lang='lat' dir='ltr'>descriptione</span> <span class='ocrx_word' id='word_1_123' title='bbox 1195 1506 1556 1566; x_wconf 88' lang='lat' dir='ltr'>lucidissima,</span> <span class='ocrx_word' id='word_1_124' title='bbox 1616 1506 1673 1555; x_wconf 91' lang='lat' dir='ltr'>in</span> <span class='ocrx_word' id='word_1_125' title='bbox 1722 1508 1913 1554; x_wconf 89' lang='lat' dir='ltr'>Hum-</span> 
     </span>
     <span class='ocr_line' id='line_1_18' title="bbox 42 1576 1910 1642; baseline -0.003 -14"><span class='ocrx_word' id='word_1_126' title='bbox 42 1577 311 1628; x_wconf 86' lang='lat' dir='ltr'>boldtii</span> <span class='ocrx_word' id='word_1_127' title='bbox 350 1588 401 1626; x_wconf 91' lang='lat' dir='ltr'>et</span> <span class='ocrx_word' id='word_1_128' title='bbox 438 1576 721 1625; x_wconf 79' lang='lat' dir='ltr'>Runthii</span> <span class='ocrx_word' id='word_1_129' title='bbox 761 1593 926 1641; x_wconf 89' lang='lat' dir='ltr'>opere</span> <span class='ocrx_word' id='word_1_130' title='bbox 966 1577 1140 1636; x_wconf 89' lang='lat' dir='ltr'>edita,</span> <span class='ocrx_word' id='word_1_131' title='bbox 1197 1576 1260 1624; x_wconf 89' lang='lat' dir='ltr'>ad</span> <span class='ocrx_word' id='word_1_132' title='bbox 1299 1577 1549 1624; x_wconf 82' lang='lat' dir='ltr'>amussim</span> <span class='ocrx_word' id='word_1_133' title='bbox 1587 1587 1910 1642; x_wconf 82' lang='lat' dir='ltr'>congruunt,</span> 
     </span>
     <span class='ocr_line' id='line_1_19' title="bbox 41 1645 1914 1713; baseline -0.002 -16"><span class='ocrx_word' id='word_1_134' title='bbox 41 1663 329 1713; x_wconf 86' lang='lat' dir='ltr'>verumque</span> <span class='ocrx_word' id='word_1_135' title='bbox 365 1645 677 1694; x_wconf 88' lang='lat' dir='ltr'>Panicum</span> <span class='ocrx_word' id='word_1_136' title='bbox 711 1645 1183 1695; x_wconf 86' lang='lat' dir='ltr'>fasciculatum</span> <span class='ocrx_word' id='word_1_137' title='bbox 1212 1646 1457 1695; x_wconf 82' lang='lat' dir='ltr'>Swartzii</span> <span class='ocrx_word' id='word_1_138' title='bbox 1485 1646 1696 1694; x_wconf 87' lang='lat' dir='ltr'>sistunt.</span> <span class='ocrx_word' id='word_1_139' title='bbox 1737 1645 1914 1694; x_wconf 86' lang='lat' dir='ltr'>Colla·</span> 
     </span>
     <span class='ocr_line' id='line_1_20' title="bbox 41 1713 1912 1781; baseline -0.001 -15"><span class='ocrx_word' id='word_1_140' title='bbox 41 1717 111 1766; x_wconf 89' lang='lat' dir='ltr'>tis</span> <span class='ocrx_word' id='word_1_141' title='bbox 149 1727 323 1765; x_wconf 88' lang='lat' dir='ltr'>autem</span> <span class='ocrx_word' id='word_1_142' title='bbox 376 1716 635 1765; x_wconf 89' lang='lat' dir='ltr'>Panico</span> <span class='ocrx_word' id='word_1_143' title='bbox 687 1714 1162 1773; x_wconf 83' lang='lat' dir='ltr'>flavescente,</span> <span class='ocrx_word' id='word_1_144' title='bbox 1212 1715 1413 1765; x_wconf 88' lang='lat' dir='ltr'>fusco</span> <span class='ocrx_word' id='word_1_145' title='bbox 1461 1727 1513 1764; x_wconf 87' lang='lat' dir='ltr'>et</span> <span class='ocrx_word' id='word_1_146' title='bbox 1552 1713 1912 1781; x_wconf 84' lang='lat' dir='ltr'>carthage-</span> 
     </span>
     <span class='ocr_line' id='line_1_21' title="bbox 37 1783 1912 1851; baseline -0.001 -16"><span class='ocrx_word' id='word_1_147' title='bbox 37 1786 238 1835; x_wconf 90' lang='lat' dir='ltr'>nensi</span> <span class='ocrx_word' id='word_1_148' title='bbox 279 1785 601 1834; x_wconf 86' lang='lat' dir='ltr'>Swartzii</span> <span class='ocrx_word' id='word_1_149' title='bbox 640 1802 946 1851; x_wconf 86' lang='lat' dir='ltr'>persuasum</span> <span class='ocrx_word' id='word_1_150' title='bbox 968 1797 1047 1834; x_wconf 90' lang='lat' dir='ltr'>est</span> <span class='ocrx_word' id='word_1_151' title='bbox 1075 1784 1250 1845; x_wconf 89' lang='lat' dir='ltr'>nobis,</span> <span class='ocrx_word' id='word_1_152' title='bbox 1289 1784 1420 1833; x_wconf 90' lang='lat' dir='ltr'>haec</span> <span class='ocrx_word' id='word_1_153' title='bbox 1452 1795 1640 1834; x_wconf 89' lang='lat' dir='ltr'>cuncta</span> <span class='ocrx_word' id='word_1_154' title='bbox 1671 1783 1912 1849; x_wconf 84' lang='lat' dir='ltr'>ejusdem</span> 
     </span>
     <span class='ocr_line' id='line_1_22' title="bbox 38 1854 1908 1921; baseline -0.001 -16"><span class='ocrx_word' id='word_1_155' title='bbox 38 1856 242 1921; x_wconf 88' lang='lat' dir='ltr'>speciei</span> <span class='ocrx_word' id='word_1_156' title='bbox 281 1872 388 1902; x_wconf 88' lang='lat' dir='ltr'>non</span> <span class='ocrx_word' id='word_1_157' title='bbox 424 1855 528 1903; x_wconf 89' lang='lat' dir='ltr'>nisi</span> <span class='ocrx_word' id='word_1_158' title='bbox 558 1865 616 1903; x_wconf 90' lang='lat' dir='ltr'>ut</span> <span class='ocrx_word' id='word_1_159' title='bbox 641 1856 923 1904; x_wconf 87' lang='lat' dir='ltr'>varietates</span> <span class='ocrx_word' id='word_1_160' title='bbox 961 1855 1346 1905; x_wconf 84' lang='lat' dir='ltr'>consideranda</span> <span class='ocrx_word' id='word_1_161' title='bbox 1374 1871 1526 1916; x_wconf 89' lang='lat' dir='ltr'>esse,</span> <span class='ocrx_word' id='word_1_162' title='bbox 1568 1854 1683 1904; x_wconf 89' lang='lat' dir='ltr'>solo</span> <span class='ocrx_word' id='word_1_163' title='bbox 1704 1854 1908 1915; x_wconf 81' lang='lat' dir='ltr'>colore,</span> 
     </span>
     <span class='ocr_line' id='line_1_23' title="bbox 38 1924 1024 1977; baseline -0.004 0"><span class='ocrx_word' id='word_1_164' title='bbox 38 1925 122 1977; x_wconf 80' lang='lat' dir='ltr'>vel</span> <span class='ocrx_word' id='word_1_165' title='bbox 158 1925 355 1975; x_wconf 88' lang='lat' dir='ltr'>racemi</span> <span class='ocrx_word' id='word_1_166' title='bbox 394 1924 654 1974; x_wconf 87' lang='lat' dir='ltr'>tenuitate</span> <span class='ocrx_word' id='word_1_167' title='bbox 693 1924 1024 1975; x_wconf 87' lang='lat' dir='ltr'>abludentes.</span> 
     </span>
    </p>
   </div>
   <div class='ocr_carea' id='block_1_8' title="bbox 24 2028 1909 3000">
    <p class='ocr_par' dir='ltr' id='par_1_8' title="bbox 24 2028 1909 3000">
     <span class='ocr_line' id='line_1_24' title="bbox 171 2028 1909 2097; baseline -0.002 -16"><span class='ocrx_word' id='word_1_168' title='bbox 171 2031 508 2081; x_wconf 83' lang='lat' dir='ltr'>Conveniunt</span> <span class='ocrx_word' id='word_1_169' title='bbox 562 2031 768 2079; x_wconf 86' lang='lat' dir='ltr'>omnia:</span> <span class='ocrx_word' id='word_1_170' title='bbox 841 2032 1016 2082; x_wconf 85' lang='lat' dir='ltr'>culmo</span> <span class='ocrx_word' id='word_1_171' title='bbox 1078 2031 1438 2081; x_wconf 85' lang='lat' dir='ltr'>adscendente</span> <span class='ocrx_word' id='word_1_172' title='bbox 1497 2030 1616 2097; x_wconf 90' lang='lat' dir='ltr'>plus</span> <span class='ocrx_word' id='word_1_173' title='bbox 1666 2028 1909 2078; x_wconf 88' lang='lat' dir='ltr'>minusve</span> 
     </span>
     <span class='ocr_line' id='line_1_25' title="bbox 33 2100 1907 2163; baseline -0.001 -13"><span class='ocrx_word' id='word_1_174' title='bbox 33 2117 242 2150; x_wconf 81' lang='lat' dir='ltr'>ramoso</span> <span class='ocrx_word' id='word_1_175' title='bbox 283 2100 378 2149; x_wconf 91' lang='lat' dir='ltr'>sub</span> <span class='ocrx_word' id='word_1_176' title='bbox 415 2116 627 2148; x_wconf 88' lang='lat' dir='ltr'>racemo</span> <span class='ocrx_word' id='word_1_177' title='bbox 666 2101 942 2163; x_wconf 81' lang='lat' dir='ltr'>villosulo,</span> <span class='ocrx_word' id='word_1_178' title='bbox 993 2102 1149 2151; x_wconf 88' lang='lat' dir='ltr'>nodis</span> <span class='ocrx_word' id='word_1_179' title='bbox 1188 2101 1444 2159; x_wconf 85' lang='lat' dir='ltr'>hirsutis,</span> <span class='ocrx_word' id='word_1_180' title='bbox 1504 2101 1651 2150; x_wconf 87' lang='lat' dir='ltr'>foliis</span> <span class='ocrx_word' id='word_1_181' title='bbox 1689 2101 1907 2148; x_wconf 89' lang='lat' dir='ltr'>lanceo-</span> 
     </span>
     <span class='ocr_line' id='line_1_26' title="bbox 33 2169 1909 2237; baseline -0.002 -18"><span class='ocrx_word' id='word_1_182' title='bbox 33 2171 149 2219; x_wconf 84' lang='lat' dir='ltr'>latis</span> <span class='ocrx_word' id='word_1_183' title='bbox 188 2169 383 2235; x_wconf 79' lang='lat' dir='ltr'>glabris</span> <span class='ocrx_word' id='word_1_184' title='bbox 419 2171 656 2237; x_wconf 84' lang='lat' dir='ltr'>margine</span> <span class='ocrx_word' id='word_1_185' title='bbox 697 2171 925 2229; x_wconf 87' lang='lat' dir='ltr'>scabris,</span> <span class='ocrx_word' id='word_1_186' title='bbox 975 2171 1177 2236; x_wconf 78' lang='lat' dir='ltr'>vaginis</span> <span class='ocrx_word' id='word_1_187' title='bbox 1217 2171 1416 2221; x_wconf 88' lang='lat' dir='ltr'>striatis</span> <span class='ocrx_word' id='word_1_188' title='bbox 1454 2170 1745 2219; x_wconf 87' lang='lat' dir='ltr'>tuberculis</span> <span class='ocrx_word' id='word_1_189' title='bbox 1786 2186 1909 2235; x_wconf 88' lang='lat' dir='ltr'>par-</span> 
     </span>
     <span class='ocr_line' id='line_1_27' title="bbox 33 2238 1906 2306; baseline -0.002 -17"><span class='ocrx_word' id='word_1_190' title='bbox 33 2239 114 2289; x_wconf 80' lang='lat' dir='ltr'>vis</span> <span class='ocrx_word' id='word_1_191' title='bbox 152 2239 392 2306; x_wconf 81' lang='lat' dir='ltr'>piligeris</span> <span class='ocrx_word' id='word_1_192' title='bbox 429 2239 545 2305; x_wconf 85' lang='lat' dir='ltr'>plus</span> <span class='ocrx_word' id='word_1_193' title='bbox 584 2239 821 2289; x_wconf 83' lang='lat' dir='ltr'>minusve</span> <span class='ocrx_word' id='word_1_194' title='bbox 860 2242 1159 2305; x_wconf 83' lang='lat' dir='ltr'>adspersis,</span> <span class='ocrx_word' id='word_1_195' title='bbox 1221 2258 1432 2290; x_wconf 85' lang='lat' dir='ltr'>racemo</span> <span class='ocrx_word' id='word_1_196' title='bbox 1482 2238 1784 2306; x_wconf 88' lang='lat' dir='ltr'>composito</span> <span class='ocrx_word' id='word_1_197' title='bbox 1820 2238 1906 2288; x_wconf 82' lang='lat' dir='ltr'>vel</span> 
     </span>
     <span class='ocr_line' id='line_1_28' title="bbox 38 2306 1906 2374; baseline -0.001 -17"><span class='ocrx_word' id='word_1_198' title='bbox 38 2309 403 2373; x_wconf 86' lang='lat' dir='ltr'>decomposito</span> <span class='ocrx_word' id='word_1_199' title='bbox 444 2325 472 2356; x_wconf 90' lang='lat' dir='ltr'>e</span> <span class='ocrx_word' id='word_1_200' title='bbox 511 2309 736 2357; x_wconf 86' lang='lat' dir='ltr'>racemis</span> <span class='ocrx_word' id='word_1_201' title='bbox 773 2310 1087 2374; x_wconf 86' lang='lat' dir='ltr'>partialibus</span> <span class='ocrx_word' id='word_1_202' title='bbox 1127 2310 1326 2359; x_wconf 83' lang='lat' dir='ltr'>strictis</span> <span class='ocrx_word' id='word_1_203' title='bbox 1365 2310 1613 2359; x_wconf 86' lang='lat' dir='ltr'>secundis</span> <span class='ocrx_word' id='word_1_204' title='bbox 1652 2308 1715 2356; x_wconf 87' lang='lat' dir='ltr'>ad</span> <span class='ocrx_word' id='word_1_205' title='bbox 1751 2306 1906 2373; x_wconf 87' lang='lat' dir='ltr'>pedi-</span> 
     </span>
     <span class='ocr_line' id='line_1_29' title="bbox 34 2377 1905 2445; baseline -0.001 -17"><span class='ocrx_word' id='word_1_206' title='bbox 34 2377 288 2428; x_wconf 79' lang='lat' dir='ltr'>cenorum</span> <span class='ocrx_word' id='word_1_207' title='bbox 349 2388 523 2426; x_wconf 88' lang='lat' dir='ltr'>ortum</span> <span class='ocrx_word' id='word_1_208' title='bbox 582 2378 838 2427; x_wconf 89' lang='lat' dir='ltr'>fasciculo</span> <span class='ocrx_word' id='word_1_209' title='bbox 901 2379 1136 2445; x_wconf 88' lang='lat' dir='ltr'>pilorum</span> <span class='ocrx_word' id='word_1_210' title='bbox 1198 2379 1317 2445; x_wconf 89' lang='lat' dir='ltr'>plus</span> <span class='ocrx_word' id='word_1_211' title='bbox 1377 2379 1552 2428; x_wconf 90' lang='lat' dir='ltr'>minus</span> <span class='ocrx_word' id='word_1_212' title='bbox 1608 2377 1905 2442; x_wconf 88' lang='lat' dir='ltr'>conspicuo</span> 
     </span>
     <span class='ocr_line' id='line_1_30' title="bbox 32 2445 1903 2514; baseline 0 -20"><span class='ocrx_word' id='word_1_213' title='bbox 32 2446 319 2513; x_wconf 77' lang='lat' dir='ltr'>praeditiS,</span> <span class='ocrx_word' id='word_1_214' title='bbox 362 2446 639 2513; x_wconf 83' lang='lat' dir='ltr'>pedicellis</span> <span class='ocrx_word' id='word_1_215' title='bbox 679 2447 964 2514; x_wconf 85' lang='lat' dir='ltr'>gracilibus</span> <span class='ocrx_word' id='word_1_216' title='bbox 1003 2460 1052 2498; x_wconf 90' lang='lat' dir='ltr'>at</span> <span class='ocrx_word' id='word_1_217' title='bbox 1087 2448 1372 2507; x_wconf 86' lang='lat' dir='ltr'>brevibus,</span> <span class='ocrx_word' id='word_1_218' title='bbox 1420 2446 1605 2495; x_wconf 79' lang='lat' dir='ltr'>rhaclli</span> <span class='ocrx_word' id='word_1_219' title='bbox 1652 2445 1903 2512; x_wconf 83' lang='lat' dir='ltr'>approxi-</span> 
     </span>
     <span class='ocr_line' id='line_1_31' title="bbox 34 2514 1900 2584; baseline -0.002 -17"><span class='ocrx_word' id='word_1_220' title='bbox 34 2516 218 2574; x_wconf 84' lang='lat' dir='ltr'>matis,</span> <span class='ocrx_word' id='word_1_221' title='bbox 273 2515 587 2565; x_wconf 78' lang='lat' dir='ltr'>bi-tri-vel</span> <span class='ocrx_word' id='word_1_222' title='bbox 657 2516 996 2584; x_wconf 87' lang='lat' dir='ltr'>quadrifloris</span> <span class='ocrx_word' id='word_1_223' title='bbox 1060 2518 1276 2568; x_wconf 87' lang='lat' dir='ltr'>summis</span> <span class='ocrx_word' id='word_1_224' title='bbox 1333 2516 1610 2575; x_wconf 83' lang='lat' dir='ltr'>unissoris,</span> <span class='ocrx_word' id='word_1_225' title='bbox 1677 2514 1900 2581; x_wconf 85' lang='lat' dir='ltr'>spiculis</span> 
     </span>
     <span class='ocr_line' id='line_1_32' title="bbox 32 2583 1900 2655; baseline -0.002 -19"><span class='ocrx_word' id='word_1_226' title='bbox 32 2584 272 2636; x_wconf 82' lang='lat' dir='ltr'>obovatis</span> <span class='ocrx_word' id='word_1_227' title='bbox 324 2602 440 2634; x_wconf 90' lang='lat' dir='ltr'>cum</span> <span class='ocrx_word' id='word_1_228' title='bbox 477 2585 628 2634; x_wconf 82' lang='lat' dir='ltr'>brevi</span> <span class='ocrx_word' id='word_1_229' title='bbox 669 2602 923 2637; x_wconf 88' lang='lat' dir='ltr'>mucrone</span> <span class='ocrx_word' id='word_1_230' title='bbox 963 2586 1192 2654; x_wconf 83' lang='lat' dir='ltr'>glabris,</span> <span class='ocrx_word' id='word_1_231' title='bbox 1245 2588 1417 2655; x_wconf 80' lang='lat' dir='ltr'>gluma</span> <span class='ocrx_word' id='word_1_232' title='bbox 1472 2585 1736 2635; x_wconf 85' lang='lat' dir='ltr'>inferiore</span> <span class='ocrx_word' id='word_1_233' title='bbox 1795 2583 1900 2633; x_wconf 86' lang='lat' dir='ltr'>lata</span> 
     </span>
     <span class='ocr_line' id='line_1_33' title="bbox 30 2654 1898 2722; baseline -0.002 -16"><span class='ocrx_word' id='word_1_234' title='bbox 30 2666 183 2706; x_wconf 85' lang='lat' dir='ltr'>ovata</span> <span class='ocrx_word' id='word_1_235' title='bbox 220 2655 456 2719; x_wconf 81' lang='lat' dir='ltr'>margine</span> <span class='ocrx_word' id='word_1_236' title='bbox 496 2655 893 2706; x_wconf 88' lang='lat' dir='ltr'>membranacea</span> <span class='ocrx_word' id='word_1_237' title='bbox 932 2656 1185 2717; x_wconf 85' lang='lat' dir='ltr'>trinervi,</span> <span class='ocrx_word' id='word_1_238' title='bbox 1229 2658 1510 2722; x_wconf 85' lang='lat' dir='ltr'>superiore</span> <span class='ocrx_word' id='word_1_239' title='bbox 1547 2654 1898 2722; x_wconf 83' lang='lat' dir='ltr'>neutriusque</span> 
     </span>
     <span class='ocr_line' id='line_1_34' title="bbox 29 2723 1900 2794; baseline -0.002 -19"><span class='ocrx_word' id='word_1_240' title='bbox 29 2723 238 2775; x_wconf 83' lang='lat' dir='ltr'>flosculi</span> <span class='ocrx_word' id='word_1_241' title='bbox 275 2725 475 2774; x_wconf 80' lang='lat' dir='ltr'>valvula</span> <span class='ocrx_word' id='word_1_242' title='bbox 529 2725 789 2775; x_wconf 84' lang='lat' dir='ltr'>inferiore</span> <span class='ocrx_word' id='word_1_243' title='bbox 830 2725 1323 2794; x_wconf 86' lang='lat' dir='ltr'>quinquenervibus</span> <span class='ocrx_word' id='word_1_244' title='bbox 1361 2726 1522 2792; x_wconf 88' lang='lat' dir='ltr'>duplo</span> <span class='ocrx_word' id='word_1_245' title='bbox 1564 2725 1749 2774; x_wconf 88' lang='lat' dir='ltr'>saltem</span> <span class='ocrx_word' id='word_1_246' title='bbox 1783 2724 1900 2773; x_wconf 89' lang='lat' dir='ltr'>lon-</span> 
     </span>
     <span class='ocr_line' id='line_1_35' title="bbox 26 2793 1894 2862; baseline 0 -20"><span class='ocrx_word' id='word_1_247' title='bbox 26 2794 268 2860; x_wconf 81' lang='lat' dir='ltr'>gioribus</span> <span class='ocrx_word' id='word_1_248' title='bbox 306 2794 447 2842; x_wconf 86' lang='lat' dir='ltr'>inter</span> <span class='ocrx_word' id='word_1_249' title='bbox 485 2811 676 2844; x_wconf 83' lang='lat' dir='ltr'>nervos</span> <span class='ocrx_word' id='word_1_250' title='bbox 715 2796 1290 2855; x_wconf 62' lang='lat' dir='ltr'>muoso-reticulatis,</span> <span class='ocrx_word' id='word_1_251' title='bbox 1331 2797 1612 2862; x_wconf 90' lang='lat' dir='ltr'>superiore</span> <span class='ocrx_word' id='word_1_252' title='bbox 1650 2793 1894 2842; x_wconf 87' lang='lat' dir='ltr'>neutrius</span> 
     </span>
     <span class='ocr_line' id='line_1_36' title="bbox 27 2862 1894 2934; baseline -0.001 -21"><span class='ocrx_word' id='word_1_253' title='bbox 27 2862 231 2913; x_wconf 81' lang='lat' dir='ltr'>valvula</span> <span class='ocrx_word' id='word_1_254' title='bbox 283 2863 546 2930; x_wconf 67' lang='lat' dir='ltr'>emptica,</span> <span class='ocrx_word' id='word_1_255' title='bbox 611 2866 855 2932; x_wconf 88' lang='lat' dir='ltr'>caryopsi</span> <span class='ocrx_word' id='word_1_256' title='bbox 898 2866 1103 2917; x_wconf 80' lang='lat' dir='ltr'>valvula</span> <span class='ocrx_word' id='word_1_257' title='bbox 1139 2866 1383 2916; x_wconf 90' lang='lat' dir='ltr'>neutrius</span> <span class='ocrx_word' id='word_1_258' title='bbox 1438 2866 1596 2934; x_wconf 89' lang='lat' dir='ltr'>paulo</span> <span class='ocrx_word' id='word_1_259' title='bbox 1641 2863 1894 2914; x_wconf 80' lang='lat' dir='ltr'>breviore</span> 
     </span>
     <span class='ocr_line' id='line_1_37' title="bbox 24 2932 620 3000; baseline -0.003 -18"><span class='ocrx_word' id='word_1_260' title='bbox 24 2932 220 3000; x_wconf 80' lang='lat' dir='ltr'>pallida</span> <span class='ocrx_word' id='word_1_261' title='bbox 257 2933 620 2999; x_wconf 84' lang='lat' dir='ltr'>subrugulosa.</span> 
     </span>
    </p>
   </div>
   <div class='ocr_carea' id='block_1_9' title="bbox 156 3020 1221 3074">
    <p class='ocr_par' dir='ltr' id='par_1_9' title="bbox 156 3020 1221 3074">
     <span class='ocr_line' id='line_1_38' title="bbox 156 3020 1221 3074; baseline 0.003 -5"><span class='ocrx_word' id='word_1_262' title='bbox 156 3020 257 3069; x_wconf 89' lang='lat' dir='ltr'>His</span> <span class='ocrx_word' id='word_1_263' title='bbox 288 3031 460 3069; x_wconf 87' lang='lat' dir='ltr'>autem</span> <span class='ocrx_word' id='word_1_264' title='bbox 497 3021 637 3070; x_wconf 89' lang='lat' dir='ltr'>inter</span> <span class='ocrx_word' id='word_1_265' title='bbox 668 3038 724 3072; x_wconf 93' lang='lat' dir='ltr'>se</span> <span class='ocrx_word' id='word_1_266' title='bbox 758 3020 1015 3074; x_wconf 84' lang='lat' dir='ltr'>differunt</span> <span class='ocrx_word' id='word_1_267' title='bbox 1046 3024 1221 3074; x_wconf 87' lang='lat' dir='ltr'>notis:</span> 
     </span>
    </p>
   </div>
   <div class='ocr_carea' id='block_1_10' title="bbox 20 3104 1891 3364">
    <p class='ocr_par' dir='ltr' id='par_1_10' title="bbox 20 3104 1891 3364">
     <span class='ocr_line' id='line_1_39' title="bbox 160 3104 1891 3176; baseline -0.001 -22"><span class='ocrx_word' id='word_1_268' title='bbox 160 3127 206 3154; x_wconf 77' lang='grc' dir='ltr'>οι.</span> <span class='ocrx_word' id='word_1_269' title='bbox 244 3125 452 3157; x_wconf 86' lang='lat' dir='ltr'>racemo</span> <span class='ocrx_word' id='word_1_270' title='bbox 492 3107 744 3159; x_wconf 84' lang='lat' dir='ltr'>densiore</span> <span class='ocrx_word' id='word_1_271' title='bbox 782 3109 1081 3162; x_wconf 86' lang='lat' dir='ltr'>distinctius</span> <span class='ocrx_word' id='word_1_272' title='bbox 1118 3110 1420 3176; x_wconf 82' lang='lat' dir='ltr'>fastigiato‚</span> <span class='ocrx_word' id='word_1_273' title='bbox 1474 3107 1632 3157; x_wconf 87' lang='lat' dir='ltr'>ramis</span> <span class='ocrx_word' id='word_1_274' title='bbox 1671 3104 1891 3156; x_wconf 81' lang='lat' dir='ltr'>subver-</span> 
     </span>
     <span class='ocr_line' id='line_1_40' title="bbox 22 3175 1889 3251; baseline -0.001 -27"><span class='ocrx_word' id='word_1_275' title='bbox 22 3175 290 3237; x_wconf 60' lang='lat' dir='ltr'>domatis,</span> <span class='ocrx_word' id='word_1_276' title='bbox 342 3178 618 3241; x_wconf 76' lang='lat' dir='ltr'>pedicellis</span> <span class='ocrx_word' id='word_1_277' title='bbox 670 3178 1016 3229; x_wconf 87' lang='lat' dir='ltr'>inferioribus</span> <span class='ocrx_word' id='word_1_278' title='bbox 1056 3179 1428 3251; x_wconf 80' lang='lat' dir='ltr'>quadrissoris,</span> <span class='ocrx_word' id='word_1_279' title='bbox 1494 3176 1697 3243; x_wconf 83' lang='lat' dir='ltr'>vaginis</span> <span class='ocrx_word' id='word_1_280' title='bbox 1753 3175 1889 3223; x_wconf 87' lang='lat' dir='ltr'>inse-</span> 
     </span>
     <span class='ocr_line' id='line_1_41' title="bbox 20 3245 1886 3363; baseline 0.001 -71"><span class='ocrx_word' id='word_1_281' title='bbox 20 3245 256 3363; x_wconf 54' lang='lat' dir='ltr'>}ioribus</span> <span class='ocrx_word' id='word_1_282' title='bbox 305 3246 694 3316; x_wconf 86' lang='lat' dir='ltr'>rhachibusque</span> <span class='ocrx_word' id='word_1_283' title='bbox 759 3249 1061 3301; x_wconf 82' lang='lat' dir='ltr'>distinctius</span> <span class='ocrx_word' id='word_1_284' title='bbox 1108 3250 1362 3309; x_wconf 90' lang='lat' dir='ltr'>hirsutis,</span> <span class='ocrx_word' id='word_1_285' title='bbox 1436 3246 1655 3315; x_wconf 88' lang='lat' dir='ltr'>spiculis</span> <span class='ocrx_word' id='word_1_286' title='bbox 1707 3245 1886 3311; x_wconf 81' lang='lat' dir='ltr'>nigro-</span> 
     </span>
     <span class='ocr_line' id='line_1_42' title="bbox 50 3330 204 3364; baseline -0.013 -2"><span class='ocrx_word' id='word_1_287' title='bbox 50 3330 204 3364; x_wconf 79' lang='lat' dir='ltr'>uscis.</span> 
     </span>
    </p>
   </div>
   <div class='ocr_carea' id='block_1_11' title="bbox 156 3399 1882 3543">
    <p class='ocr_par' dir='ltr' id='par_1_11' title="bbox 156 3399 1882 3543">
     <span class='ocr_line' id='line_1_43' title="bbox 156 3399 1882 3467; baseline -0.001 -18"><span class='ocrx_word' id='word_1_288' title='bbox 156 3399 406 3449; x_wconf 87' lang='lat' dir='ltr'>Panicum</span> <span class='ocrx_word' id='word_1_289' title='bbox 453 3401 853 3467; x_wconf 83' lang='lat' dir='ltr'>fasciculatum,</span> <span class='ocrx_word' id='word_1_290' title='bbox 906 3402 1014 3455; x_wconf 74' lang='lat' dir='ltr'>Sto.</span> <span class='ocrx_word' id='word_1_291' title='bbox 1051 3403 1243 3457; x_wconf 86' lang='lat' dir='ltr'>Prodr.</span> <span class='ocrx_word' id='word_1_292' title='bbox 1281 3403 1369 3456; x_wconf 79' lang='grc' dir='ltr'>ΡΙ.</span> <span class='ocrx_word' id='word_1_293' title='bbox 1418 3402 1539 3454; x_wconf 77' lang='lat' dir='ltr'>Iud.</span> <span class='ocrx_word' id='word_1_294' title='bbox 1568 3417 1676 3450; x_wconf 81' lang='lat' dir='ltr'>oce.</span> <span class='ocrx_word' id='word_1_295' title='bbox 1705 3416 1760 3464; x_wconf 85' lang='grc' dir='ltr'>ρ.</span> <span class='ocrx_word' id='word_1_296' title='bbox 1801 3413 1882 3446; x_wconf 78' lang='lat'>22.</span> 
     </span>
     <span class='ocr_line' id='line_1_44' title="bbox 228 3463 1881 3543; baseline 0.002 -26"><span class='ocrx_word' id='word_1_297' title='bbox 228 3465 318 3518; x_wconf 88' lang='lat' dir='ltr'>Fl.</span> <span class='ocrx_word' id='word_1_298' title='bbox 352 3468 467 3518; x_wconf 85' lang='lat' dir='ltr'>Ind.</span> <span class='ocrx_word' id='word_1_299' title='bbox 509 3489 616 3519; x_wconf 80' lang='lat' dir='ltr'>oce.</span> <span class='ocrx_word' id='word_1_300' title='bbox 652 3471 695 3521; x_wconf 89' lang='lat' dir='ltr'>I.</span> <span class='ocrx_word' id='word_1_301' title='bbox 727 3491 783 3539; x_wconf 85' lang='lat' dir='ltr'>p.</span> <span class='ocrx_word' id='word_1_302' title='bbox 830 3476 939 3535; x_wconf 67' lang='lat'>145.</span> <span class='ocrx_word' id='word_1_303' title='bbox 986 3474 1178 3527; x_wconf 77' lang='lat' dir='ltr'>lelld.</span> <span class='ocrx_word' id='word_1_304' title='bbox 1203 3474 1292 3543; x_wconf 81' lang='lat' dir='ltr'>Sp.</span> <span class='ocrx_word' id='word_1_305' title='bbox 1322 3473 1384 3541; x_wconf 86' lang='lat' dir='ltr'>pl</span> <span class='ocrx_word' id='word_1_306' title='bbox 1425 3472 1472 3523; x_wconf 88' lang='lat' dir='ltr'>I.</span> <span class='ocrx_word' id='word_1_307' title='bbox 1496 3491 1554 3539; x_wconf 80' lang='grc' dir='ltr'>ρ.</span> <span class='ocrx_word' id='word_1_308' title='bbox 1589 3470 1705 3530; x_wconf 70' lang='grc'>341.</span> <span class='ocrx_word' id='word_1_309' title='bbox 1740 3463 1881 3514; x_wconf 71' lang='lat' dir='ltr'>Pers-</span> 
     </span>
    </p>
   </div>
   <div class='ocr_carea' id='block_1_12' title="bbox 229 3534 1880 3609">
    <p class='ocr_par' dir='ltr' id='par_1_12' title="bbox 229 3534 1880 3609">
     <span class='ocr_line' id='line_1_45' title="bbox 229 3534 1880 3609; baseline 0.004 -24"><span class='ocrx_word' id='word_1_310' title='bbox 229 3534 364 3605; x_wconf 66' lang='lat' dir='ltr'>Syn.</span> <span class='ocrx_word' id='word_1_311' title='bbox 390 3536 435 3587; x_wconf 93' lang='lat' dir='ltr'>I.</span> <span class='ocrx_word' id='word_1_312' title='bbox 458 3557 513 3605; x_wconf 82' lang='grc' dir='ltr'>ρ.</span> <span class='ocrx_word' id='word_1_313' title='bbox 539 3541 622 3590; x_wconf 86' lang='grc' dir='ltr'>8ι.</span> <span class='ocrx_word' id='word_1_314' title='bbox 650 3559 708 3608; x_wconf 78' lang='lat' dir='ltr'>sp</span> <span class='ocrx_word' id='word_1_315' title='bbox 735 3542 818 3594; x_wconf 80' lang='lat'>26.</span> <span class='ocrx_word' id='word_1_316' title='bbox 856 3542 924 3593; x_wconf 82' lang='lat' dir='ltr'>R.</span> <span class='ocrx_word' id='word_1_317' title='bbox 950 3552 1001 3593; x_wconf 85' lang='lat' dir='ltr'>et</span> <span class='ocrx_word' id='word_1_318' title='bbox 1033 3542 1156 3597; x_wconf 69' lang='lat' dir='ltr'>Solu</span> <span class='ocrx_word' id='word_1_319' title='bbox 1188 3543 1241 3596; x_wconf 91' lang='lat' dir='ltr'>S.</span> <span class='ocrx_word' id='word_1_320' title='bbox 1281 3545 1339 3595; x_wconf 93' lang='lat' dir='ltr'>V.</span> <span class='ocrx_word' id='word_1_321' title='bbox 1367 3541 1444 3592; x_wconf 87' lang='lat' dir='ltr'>Il.</span> <span class='ocrx_word' id='word_1_322' title='bbox 1474 3561 1526 3609; x_wconf 76' lang='lat' dir='ltr'>p.</span> <span class='ocrx_word' id='word_1_323' title='bbox 1558 3547 1656 3602; x_wconf 72' lang='lat'>427</span> <span class='ocrx_word' id='word_1_324' title='bbox 1691 3536 1880 3587; x_wconf 71' lang='grc'><em>81882·</em></span> 
     </span>
    </p>
   </div>
  </div>
 </body>
</html>
