2100 3882
635 145 980 196 Gnammnan.
1051 144 1316 194 Panicum.
1799 134 1903 190 235

61 311 388 358 transversa,
427 294 729 354 crenulata,
783 290 936 341 nuda.
1007 291 1167 340 Pauci
1211 292 1345 342 rami
1394 308 1424 342 e
1473 298 1706 363 caespite
1749 302 1906 356 simul

60 367 324 425 floriferi⁹
377 364 604 434 vaginis,
661 361 931 429 paniculas
971 358 1308 423 foventibus,
1369 363 1473 414 isto
1509 377 1754 436 tempore
1787 375 1916 423 sub-

62 435 397 490 ventricosis.
467 432 721 483 Panicula
757 433 912 495 longe
951 438 1193 487 exserta,
1245 432 1494 497 pollicem
1531 437 1722 506 longa,
1764 442 1918 510 ellip-

62 507 200 564 fica,
240 506 452 561 obtusa,
490 513 696 561 erecta,
737 500 908 549 culmo
948 496 1042 547 sub
1088 500 1329 563 panicula
1361 506 1662 569 gracillimo
1706 510 1920 564 rhachi-

66 592 167 644 que
201 575 602 637 subcompressa
636 570 902 635 ramisque
945 565 1197 616 flexuosis
1241 570 1495 624 laevibus.
1583 580 1736 629 Rami
1768 583 1921 649 pani-

66 644 216 694 culae
240 643 457 701 alterni,
498 640 698 706 patuli,
739 637 944 706 glabri,
985 635 1291 702 capillareS,
1322 641 1695 709 3-—8·flori,
1750 653 1923 718 spatio

62 713 217 764 brevi
253 731 280 761 a
327 710 441 760 basi
485 709 740 758 abeuntes
782 709 834 755 in
874 705 1103 755 ramulos
1149 709 1373 769 breveS,
1427 730 1649 778 quorum
1693 720 1924 774 inferior

67 783 207 840 tri-‚
246 780 515 846 proximus
552 777 771 835 bifidus,
811 787 919 825 tum
952 775 1120 844 aliqui
1151 776 1400 838 unissori,
1438 782 1492 830 in
1512 787 1668 834 ramis
1697 789 1923 844 inferio-

65 851 212 901 ribus
243 849 550 898 fasciculum
591 846 874 906 exhibent,
919 863 1186 896 ramorum
1220 849 1553 913 superiorum
1587 860 1775 908 ramuli
1805 875 1926 913 sunt

69 917 301 969 uniflori.
377 917 621 984 Spiculae
655 927 873 975 ovatae,
922 915 1008 965 vel
1047 915 1333 977 obovatae,
1387 918 1635 983 obtusae,
1690 928 1924 994 glabrae,

66 987 431 1038 flavescentes·
505 988 712 1037 (numa,
741 985 968 1034 inferior
1010 986 1288 1049 superiore
1330 986 1417 1036 vix
1463 991 1685 1044 dimidio
1731 999 1925 1062 minor,

66 1069 245 1116 ovata,
295 1067 472 1114 acuta,
529 1055 817 1116 trinervis3
881 1054 1131 1119 superior
1175 1054 1428 1118 obovata,
1497 1073 1674 1123 acuta,
1731 1067 1926 1132 inflata,

69 1125 520 1194 quinquenervis,
558 1124 768 1174 flosculi
795 1124 1014 1172 masculi
1050 1123 1405 1189 longitudine.
1486 1131 1766 1184 Flosculus
1795 1155 1931 1189 mas-

69 1195 218 1246 culus
245 1195 495 1255 bivalvis,
534 1194 738 1244 valvula
770 1193 1020 1243 inferiori
1055 1193 1416 1260 magnitudine
1448 1209 1501 1247 et
1525 1199 1696 1250 forma
1726 1205 1931 1270 glumae

70 1264 399 1331 superioriS,
454 1264 604 1329 apice
641 1263 899 1312 fornicata
945 1263 1131 1312 obtusa
1171 1265 1597 1332 quinquenervi3
1664 1277 1934 1338 superiori

72 1347 222 1385 ovata
255 1333 408 1399 plana
444 1333 595 1400 apice
623 1330 802 1381 bifida.
876 1331 1142 1381 Antherae
1164 1333 1354 1383 fulvae.
1429 1338 1706 1388 Flosculus
1725 1342 1933 1396 herma-

71 1403 382 1470 phroditus,
421 1414 479 1451 ut
509 1402 561 1450 in
594 1402 848 1468 reliquis,
890 1400 1196 1451 chartaceus
1221 1439 1234 1463 ,
1284 1403 1620 1472 longitudine
1654 1409 1771 1460 fere
1798 1432 1934 1466 mas-

71 1472 206 1530 culi,
243 1472 424 1532 laevis,
462 1471 707 1536 pallidus,
743 1471 979 1533 obtusus,
1017 1471 1217 1522 valvula
1232 1484 1455 1543 utraque
1477 1490 1643 1529 ovata.
1698 1483 1934 1536 Germe„

72 1541 375 1608 oblongum.
449 1541 701 1607 Stigmata
731 1539 942 1605 pallida.

209 1626 437 1677 Habitat
466 1627 519 1676 in
550 1625 810 1676 Brasilla.
857 1625 1097 1689 (Sellow.
1136 1658 1203 1668 —
1240 1625 1404 1678 Herh.
1445 1629 1582 1700 Reg.
1617 1632 1833 1705 Berol.)

211 1716 501 1768 Observ.
584 1718 870 1764 Ramorum
916 1714 1228 1765 densissime
1277 1718 1591 1785 stipatorum
1632 1723 1805 1777 forma
1854 1729 1939 1781 fo-

73 1784 268 1854 liisque
331 1784 507 1850 parvis
562 1784 818 1834 subulatis
881 1783 1110 1851 glabriS,
1175 1787 1419 1851 panicula
1475 1809 1633 1857 parva
1708 1811 1935 1862 exserta,

75 1855 269 1935 glumis
301 1853 496 1921 glabris
521 1853 583 1904 ab
625 1855 723 1914 iis,
765 1869 899 1921 quae
928 1854 1202 1919 proximae
1238 1868 1359 1907 sunt
1390 1862 1630 1927 species,
1668 1863 1828 1918 facile
1860 1869 1939 1919 di„

71 1935 371 1992 stinguitur.

209 2012 464 2130 Adldiigus
485 2011 738 2078 speciem,
773 2027 907 2079 quae
932 2011 1146 2076 seriem,
1184 2031 1212 2062 a
1235 2015 1436 2068 Panico
1465 2019 1662 2072 tenello
1691 2022 1940 2076 inchoan·

71 2093 205 2142 tem,
245 2100 272 2132 c
298 2101 360 2131 au
399 2092 470 2130 itt

217 2170 534 2218 Panicum
568 2167 919 2217 aniculare
954 2169 1247 2220 Poiret.:
1286 2173 1569 2224 racemulis
1602 2178 1943 2239 3—4-fl0ris

85 2238 416 2305 simplicibus
479 2237 724 2286 secundis
776 2237 924 2286 foliis
979 2238 1350 2300 brevioribus,
1412 2244 1631 2309 spiculis
1691 2249 1945 2302 obovato-

87 2307 430 2357 subrotundis
472 2305 677 2355 obtusis
719 2305 1160 2371 pubescentibus,
1229 2310 1402 2375 gluma
1450 2313 1711 2365 inferiore
1766 2333 1944 2370 ovato.

82 2377 389 2443 triangulari
431 2375 594 2440 triplo
641 2374 924 2436 breviore,
992 2376 1166 2426 culmo
1205 2377 1358 2428 brevi
1405 2379 1747 2447 dichotomo,
1798 2387 1946 2439 foliis

82 2447 367 2497 convoluto
383 2474 401 2484 —
417 2444 637 2493 setaceis
663 2443 975 2512 vaginisque
1011 2445 1440 2509 pubescentibus,

219 2534 476 2584 Panicum
514 2532 802 2589 aciculare,
843 2528 1023 2579 Poiret
1059 2529 1198 2583 Ena.
1227 2534 1384 2585 meib.
1416 2537 1590 2606 suppl.
1613 2537 1714 2592 IV.
1742 2561 1796 2609 p.
1827 2555 1943 2607 2-4,

292 2600 363 2651 R.
404 2610 456 2650 et
499 2599 618 2648 Sch.
669 2598 744 2677 S'.
780 2599 837 2648 V.
886 2597 958 2647 [Ι.
1005 2618 1055 2678 ῃ..
1111 2604 1229 2654 883.
1268 2602 1387 2672 Spr.
1426 2604 1482 2658 S.
1534 2608 1592 2658 V.
1637 2608 1685 2659 I.
1723 2630 1778 2678 p.
1823 2614 1943 2667 308.

285 2690 339 2720 n.
370 2688 419 2738 q.
455 2668 618 2720 Herb.
652 2667 840 2719 lVelld.
870 2678 919 2719 et
953 2667 1102 2721 Trm.

220 2760 475 2810 Panicum
539 2756 924 2807 subunissornm
976 2755 1176 2823 Bosa,
1240 2762 1359 2828 Spr.
1399 2759 1452 2817 S.
1512 2763 1571 2815 V.
1623 2763 1671 2822 I.
1719 2786 1775 2834 p,
1829 2769 1946 2821 312.

286 2848 339 2877 n.
377 2830 458 2895 67.
496 2825 684 2894 (Herb.
721 2825 938 2889 W'illd.)

223 2913 450 2965 Habitat
479 2917 530 2966 in
573 2915 729 2964 India
764 2914 1033 2966 orientali.
1086 2920 1169 2980 21..

223 3005 320 3056 Ob
340 3023 404 3054 se
423 3024 450 3053 r
464 3024 508 3055 v.
580 3007 693 3053 Hac
725 3006 906 3070 specie
935 3005 1109 3054 media
1141 3005 1310 3056 sectio
1336 3006 1436 3057 ista
1464 3008 1519 3057 in
1553 3009 1708 3060 aliam
1738 3023 1951 3079 parvam

93 3075 386 3124 sectionem
411 3073 625 3132 transit,
666 3075 837 3123 culmo
869 3091 1031 3138 parvo
1060 3087 1317 3142 repente,
1357 3079 1515 3126 ramis
1549 3079 1801 3133 brevibus
1836 3102 1953 3136 erc·

93 3144 228 3203 ctis,
268 3144 436 3206 spicas
469 3161 655 3210 parvas
688 3159 714 3191 2
740 3171 800 3179 --
820 3142 1063 3202 [piloras
1097 3145 1402 3196 terminales
1436 3165 1543 3196 non
1572 3163 1805 3202 exsertas
1826 3172 1952 3221 pro-

91 3212 421 3270 ferentibus,
461 3213 751 3280 insignem,
791 3212 1024 3261 Africam
1045 3214 1282 3263 incolunt
1299 3215 1450 3281 hujus
1467 3216 1640 3275 cives,
1682 3238 1808 3287 quas
1843 3241 1954 3273 om·

94 3298 223 3341 nes,
273 3298 300 3329 a
337 3285 562 3346 Boryo
612 3293 664 3331 et
715 3282 1014 3331 Auberto
1073 3282 1248 3344 datas,
1299 3285 1354 3332 in
1401 3286 1567 3335 Herb.
1607 3291 1947 3342 VVillden.

86 3351 329 3402 vidimus.
899 3375 901 3377 ·

232 3435 389 3509 Quod
433 3437 495 3486 ad
524 3449 757 3486 nostram
798 3439 1030 3504 speciem
1064 3439 1284 3498 attinet,
1333 3439 1464 3491 haec
1498 3443 1676 3507 potius
1711 3458 1789 3494 est
1820 3444 1953 3513 figu-

96 3525 186 3557 rae
218 3505 462 3556 Paniai
500 3505 728 3556 nodifl
751 3509 887 3569 ori,
929 3507 1022 3557 sed
1049 3508 1134 3560 vix
1171 3508 1436 3573 digitalisi
1470 3512 1735 3577 Vaginae,
1776 3532 1950 3566 ramos
