2100 3882
85 135 156 193 20
372 170 374 172 .
666 127 1031 177 Gmnmnass.
1094 127 1388 177 PAsrAsz.

90 288 194 328 stat
225 277 418 346 glumis
448 275 647 326 duabus
677 274 989 344 aequalibus
1016 279 1175 345 atque
1199 275 1426 343 flosculo
1448 273 1727 337 solitario;
1763 280 1966 323 restant

90 348 260 398 adhuc
282 346 892 409 lodiculae'truncataeg
930 344 1332 397 inflorescentia
1361 346 1559 395 sensim
1587 346 1644 394 in
1658 341 1966 411 'paniculam

91 416 422 467 dissolvitur.
454 443 523 452 —-
608 413 969 465 Pei-ficiuntur
1005 416 1272 465 lodiculae
1314 416 1640 483 integroque
1676 424 1731 464 et
1777 414 1967 462 obtuso

92 487 248 553 apice
273 495 589 542 cernuntur,
655 485 862 533 accedit
902 503 1061 552 saepe
1095 487 1252 535 arista
1292 485 1425 534 etin
1450 485 1754 553 paniculam
1794 480 1991 532 distri-—

92 555 333 605 huuntur
365 553 630 619 spiculae:
682 553 848 603 habes
873 555 1148 605 Milium.

233 625 463 674 Adnot.
509 625 573 672 ΙΙ.
665 623 825 698 Quod
871 625 935 673 ad
978 624 1418 674 distributionem
1470 623 1774 691 specierum
1816 621 1973 687 hujus

92 695 309 762 generis
338 693 394 741 in
424 691 551 741 duas
578 693 864 762 phalanges
892 694 1112 754 attinet.
1154 712 1377 762 quarum
1407 694 1571 743 altera
1599 692 1817 760 spiculis
1847 691 1973 742 soli—

94 764 278 823 tariis,
330 779 424 811 seu
454 761 726 823 distichis,
781 763 1037 830 gaudeat,
1088 763 1251 814 altera
1283 775 1458 814 autem
1493 760 1972 831 spiculis'geminis

96 850 193 883 seu
232 831 593 892 tetrastichis‚
657 832 740 894 id,
795 850 901 901 quo
950 832 1123 881 minus
1171 834 1327 883 istam
1373 834 1724 894 retineamus,
1781 831 1974 890 obstat,

98 902 243 970 quod
290 902 346 949 in
386 900 687 962 nonnullis,
757 919 805 951 v.
852 919 931 969 gr.
972 904 1027 952 in
1072 904 1365 970 Paspalo
1414 903 1971 961 Humboldtiano,
2051 919 2060 926 “

96 974 159 1021 Ρ.
198 962 310 1020 bl‘e
328 970 782 1037 pharophoro
831 973 908 1034 (v.
940 972 1109 1025 infra:
1163 990 1307 1039 spec.
1344 972 1467 1037 25),
1537 991 1638 1040 pro
1689 972 1855 1042 gradu
1896 971 1974 1021 vi-

28 1081 31 1083 <
100 1042 251 1109 goris
282 1042 366 1090 vel
395 1041 667 1090 solitariae
696 1041 1016 1106 proveniant
1053 1042 1322 1108 spiculae,
1389 1044 1474 1094 vel
1508 1045 1664 1094 etiam
1706 1042 1973 1111 geminae,

97 1122 155 1160 ut
200 1122 468 1160 taceamus
515 1110 762 1160 ordinem
806 1112 1102 1160 naturalem
1142 1113 1245 1163 hoc
1287 1114 1443 1164 modo
1488 1115 1713 1162 maxime
1751 1113 1970 1161 laesum.

100 1180 277 1230 Aliam
315 1181 496 1247 itaque
527 1181 878 1246 proponimus
909 1181 1324 1248 dispositionem
1345 1219 1357 1243 ,
1405 1186 1445 1233 P
1465 1185 1813 1233 anicorum
1860 1197 1976 1231 sec-

96 1252 276 1300 tiones
305 1250 484 1310 (conf.
510 1248 680 1298 infra:
721 1266 842 1315 gen.
872 1252 990 1303 VII.
1029 1254 1432 1319 Panicum),
1476 1254 1651 1320 quoad
1680 1254 1778 1302 hae
1810 1252 1972 1301 istum

95 1320 151 1368 in
182 1321 357 1370 locum
384 1318 606 1379 cadunt,
647 1320 974 1383 imitantem,
1029 1340 1160 1389 quas
1189 1325 1570 1390 comparandas
1603 1340 1699 1372 suo
1728 1323 1848 1371 loco
1883 1322 1973 1370 ad-

94 1390 349 1439 feremus.
434 1393 736 1438 Memoratu
768 1401 944 1439 autem
977 1390 1195 1458 dignum
1229 1393 1470 1454 videtur,
1525 1393 1580 1441 in
1615 1410 1676 1443 ea
1710 1392 1969 1451 sectione,

96 1477 233 1528 quae
274 1460 683 1509 Panicorum
723 1460 1332 1526 paspaloideorum
1381 1463 1610 1512 sectioni
1659 1462 1972 1528 respondet,

95 1529 351 1598 plurimas
415 1545 629 1595 quoque
690 1531 1146 1597 Paspalorum
1213 1533 1451 1599 reperiri
1516 1533 1769 1600 species,
1841 1549 1970 1600 quas

92 1600 352 1665 genuinas
381 1599 735 1666 omnibusque
763 1601 906 1650 notis
938 1602 1045 1650 suis
1077 1602 1315 1670 insignes
1346 1619 1598 1663 vocares,
1639 1602 1828 1652 deesse
1861 1602 1969 1652 vir-

94 1680 338 1735 gatorum
385 1679 439 1717 et
482 1667 776 1718 effusorum
821 1671 1318 1736 (paniculatorum)
1363 1673 1598 1732 similes,
1682 1670 1973 1721 monstrari

93 1738 243 1805 quasi
285 1739 592 1789 Setarias
632 1749 684 1788 et
722 1739 1266 1804 Echinochloas,
1308 1761 1527 1810 quarum
1567 1740 1972 1792 inflorescentia

48 1827 50 1830 ·
91 1809 260 1875 magis
309 1808 646 1857 contrahitur
694 1809 750 1858 in
799 1811 1104 1875 specierum
1143 1814 1471 1880 quarundam
1509 1813 1710 1872 forma,
1776 1831 1804 1861 a
1841 1811 1972 1860 reli-

95 1879 216 1946 quis
254 1878 494 1943 Paspalis
529 1878 635 1944 jam
668 1878 882 1946 longius
920 1881 1219 1932 aberrante.

232 1948 567 1999 Animadv.
641 1952 699 1997 In
737 1949 1225 2018 descriptionibus,
1293 1968 1359 2000 ne
1392 1969 1528 2001 nova
1567 1950 1988 2001 nomenclaturax

88 2018 388 2067 lectoribus
418 2019 655 2068 taedium
697 2020 926 2080 excitet,
990 2039 1017 2070 a
1052 2022 1232 2088 prisco
1260 2021 1520 2089 loquendi
1554 2039 1704 2071 more
1736 2040 1842 2070 non
1878 2020 1970 2070 de-

88 2085 366 2138 fleximus:
405 2089 641 2152 calycem
670 2089 944 2156 biglumen
974 2091 1319 2157 appellando,
1360 2091 1579 2158 ejusque
1618 2093 1844 2159 glumam
1878 2108 1968 2141 ve—

88 2175 226 2206 ram:
265 2158 795 2220 inferiorem3·—
846 2160 1066 2209 alteram
1097 2178 1254 2220 vere,
1311 2161 1698 2228 quae-flosculi*
1721 2161 1966 2210 neutrius

86 2227 291 2278 valvula
323 2239 431 2277 est:
484 2228 764 2294 glumam
804 2232 1257 2295 superiorem.
1331 2231 1435 2280 Ubi
1474 2230 1750 2299 pedicelli,
1792 2229 1966 2299 quoad

89 2296 413 2363 spicularum
449 2297 842 2364 longitudinem
876 2300 1000 2350 satis
1033 2302 1370 2366 prominent,
1439 2317 1782 2350 racemum
1828 2300 1966 2349 dixi-

86 2383 200 2414 mus
233 2365 726 2430 inssorescentiam3
796 2370 1061 2435 spicam
1093 2388 1255 2431 vero,
1317 2370 1410 2419 ubi
1446 2371 1702 2438 pedicelli
1739 2370 1825 2421 vel
1856 2387 1967 2419 om·-

84 2437 215 2486 nino
261 2437 454 2488 desunt
499 2439 583 2486 vel
627 2438 695 2486 ob
740 2438 1051 2502 minutiem,
1111 2458 1231 2491 cum
1266 2441 1470 2507 spicula
1518 2459 1609 2491 sua
1653 2439 1962 2507 comparati,

84 2522 384 2558 mensuram
419 2507 508 2559 vix
542 2507 841 2558 admittunt.

521 2694 792 2739 SECTIO
843 2699 879 2739 I.
965 2697 1518 2742 DIGITARIAE.

656 2824 658 2826 ,
712 2771 980 2835 (SPICULIS
1032 2774 1357 2840 mvnnsis.)

245 2884 529 2963 Spiculae
583 2887 965 2959 inversae,
1051 2889 1352 2969 oblongae
1414 2889 1507 2949 vel
1558 2887 1954 2958 lanceolatae,

14 2981 17 2988 ’
80 2963 425 3025 distinctius
465 2969 850 3039 nervulosae,
912 2970 1156 3048 glabrae
1198 2973 1290 3031 vel
1340 2971 1696 3028 tenuissime
1731 2970 1955 3049 pubes-

80 3060 320 3115 centeS,
406 3049 499 3107 vel
549 3050 787 3128 longius
847 3052 1119 3122 ciliatae‚
1193 3053 1387 3111 rarius
1434 3051 1834 3132 ped-icellatae
1896 3065 1958 3109 et

78 3127 384 3204 gemin-ae,
427 3131 785 3210 plerumque
817 3133 1122 3191 solitariae
1158 3135 1437 3204 sessileS,
1482 3134 1678 3191 latere
1705 3132 1952 3213 postico

78 3204 490 3288 (flosculino)
538 3213 706 3270 haud
762 3214 1088 3272 admodum
1135 3238 1425 3275 convexo.
1533 3214 1800 3272 Rhachis
1845 3236 1950 3271 an-

75 3304 281 3365 gusta,
330 3291 408 3346 ad
446 3293 684 3372 apicem
719 3295 1020 3374 florigera.
1045 3334 1125 3344 --
1171 3299 1454 3375 (Panicis
1487 3295 1802 3374 Digitariis
1835 3296 1949 3353 ha-

71 3367 205 3427 bitu
238 3372 667 3445 accedentes.)
754 3377 1008 3435 Glumae
1049 3400 1231 3460 saepe
1269 3380 1637 3440 virescentes
1675 3376 1769 3436 vel
1806 3397 1976 3456 pur-.

55 3467 494 3528 ,purascenteffi
592 3472 653 3516 et
701 3458 783 3517 ob
833 3480 1049 3519 nervos
1107 3462 1199 3520 vel
1249 3462 1455 3541 plures
1512 3458 1606 3518 vel
1661 3458 1946 3517 fortiores

68 3532 258 3609 magis
303 3533 656 3597 herbaceae.
