2100 3882
165 49 347 148 584·

167 243 447 294 Involvens
485 261 584 293 una
620 243 983 313 juvenesque,
1024 262 1286 315 senesque
1322 247 1489 296 ruina.

164 331 508 397 Imprudens!
550 331 676 398 quid
713 332 853 381 enim
888 332 1087 401 reliqui
1125 334 1225 383 tibi
1260 351 1432 384 messe
1469 334 1642 386 futura

165 419 431 469 Feceris?
484 419 624 478 hinc⁴
662 420 752 468 alii
803 421 930 488 quin
981 432 1037 469 tu
1085 421 1187 486 jam
1242 423 1507 488 prospicis
1558 426 1735 475 anno?

169 506 409 573 Cumque
460 508 760 574 propinqua
814 508 922 556 tuis
970 508 1208 558 invisens
1258 511 1511 576 praedia,
1576 511 1783 564 dulcem

166 592 273 641 Hic
310 594 494 658 praelo
533 596 784 654 extundi,
826 595 1172 664 subjectoque
1210 596 1333 664 igne
1368 598 1637 666 liquorem

168 681 433 739 Fervere‚
472 682 633 750 inque
673 701 788 731 suas
830 696 1180 733 concrescere
1222 685 1467 734 sacchara
1503 699 1669 737 metas

172 765 425 817 Videris:
465 769 569 818 heu
605 781 747 821 totos
786 783 910 821 tunc
947 783 999 820 tc
1042 772 1292 822 stravisse
1329 773 1567 823 novales(

167 854 488 905 Poeniteat!
530 859 712 908 malles
752 859 955 928 aliquid
994 877 1234 910 servasse
1272 872 1578 926 repostum,

169 942 319 991 Unde
369 944 468 992 tibi
524 947 782 995 exsudent
837 948 1070 996 rorantia
1124 948 1301 1013 praela
1352 950 1667 1016 quotannis,

168 1031 238 1079 Et
274 1032 482 1084 madido
519 1034 850 1100 illacrymans
891 1052 1051 1084 canna
1091 1046 1359 1102 angustata
1394 1048 1603 1104 trapeto

172 1118 423 1169 Strideat.
497 1126 578 1173 Ex
615 1123 731 1172 aliis
769 1124 892 1172 alias
931 1136 985 1173 tu
1025 1122 1213 1172 suffice
1251 1140 1484 1182 messes,

171 1206 229 1254 Si
267 1208 435 1274 sapis:
476 1211 695 1261 alternis
733 1212 862 1260 haec
899 1223 1036 1271 stet,
1079 1212 1226 1261 cadat
1262 1212 1349 1260 illa
1388 1213 1656 1273 vicissim,

171 1294 441 1363 Spemque
477 1309 616 1347 tuam
655 1299 866 1357 refove,
919 1300 1228 1368 calamoque
1283 1302 1570 1365 superstite
1606 1303 1742 1353 lacta

174 1381 425 1449 Semper,
472 1398 524 1436 et
562 1389 756 1440 incerti
796 1387 980 1437 subeat
1019 1400 1071 1437 te
1110 1405 1234 1437 cura
1267 1387 1455 1438 futuri.

310 1474 424 1520 Jam
485 1492 619 1543 quae
685 1477 955 1542 praesenti
1021 1476 1211 1542 capitis
1272 1476 1602 1528 damnaveris
1658 1496 1794 1532 anno

170 1558 397 1625 Jugera,
438 1562 521 1612 fac
559 1564 709 1613 denis
747 1566 928 1614 saltem
965 1564 1067 1612 tibi
1105 1564 1376 1613 mensibus
1416 1576 1538 1617 octo

172 1646 523 1700 Addiderint:
563 1652 727 1702 falces
765 1663 875 1701 tum
912 1653 990 1702 fas
1028 1653 1234 1701 acuisse
1269 1669 1535 1703 recurvas.

170 1735 408 1785 Armatas
445 1738 649 1789 immite
686 1758 898 1802 manus,
937 1742 1164 1790 immitte
1204 1740 1455 1790 cohortes

173 1825 507 1888 Messorum,
548 1829 738 1897 quibus
776 1830 840 1879 ad
877 1830 1081 1879 solitam
1119 1847 1209 1878 sua
1247 1828 1465 1877 classica
1502 1845 1729 1896 pugnam

175 1912 306 1962 Cum
355 1916 633 1980 cecinere,
689 1929 846 1967 ruunt
897 1918 1125 1978 alacres,
1180 1927 1235 1966 et
1290 1901 1533 1966 cominus
1587 1917 1795 1970 hostem

174 2002 451 2052 Hastatum
489 2004 720 2067 feriunt,
760 2005 1076 2073 falcatisque
1114 2004 1328 2054 ensibus
1363 2003 1577 2053 instant.

175 2089 250 2137 Hi
289 2101 594 2154 sternuunt‚
648 2093 739 2142 alii
792 2093 1046 2154 subeunt,
1101 2104 1153 2143 et
1201 2109 1340 2158 pone
1390 2092 1633 2160 legentes

177 2176 468 2227 Stratorum
509 2181 696 2249 spoliis
734 2181 970 2242 inhiant,
1014 2180 1343 2247 sparsimque
1379 2179 1641 2252 jacentum

180 2265 418 2331 Corpora
469 2270 523 2317 in
576 2281 874 2321 exstructos
926 2269 1178 2319 confusae
1229 2269 1421 2335 stragis
1475 2286 1693 2320 acervos
1741 2282 1746 2285 “

178 2346 552 2407 Accumulant:
611 2358 838 2408 miscere
891 2376 1104 2417 manus,
1158 2368 1413 2426 torquere
1463 2357 1722 2416 lacertos,

179 2441 387 2495 Collato
425 2463 662 2514 pugnare
701 2445 903 2513 gradu,
943 2446 1243 2515 caesimque
1280 2445 1447 2496 ferire

176 2530 584 2597 Adproberant:
645 2553 766 2584 suus
830 2534 920 2583 hic
982 2535 1143 2584 veluti
1205 2534 1270 2584 de
1331 2534 1552 2583 vulnere
1616 2534 1827 2602 sanguis

181 2618 570 2688 Subsequitur,
610 2623 860 2691 dulcique
899 2622 1072 2672 madet
1108 2622 1214 2670 falx
1252 2621 1443 2688 perlita
1479 2638 1621 2671 rore.

179 2707 299 2755 Non
337 2709 552 2776 impune
589 2695 802 2773 tamen,
841 2727 939 2760 nec
978 2711 1139 2782 inulta
1178 2710 1440 2760 recumbit
1477 2702 1711 2772 arundo,

178 2795 397 2847 Fronde
435 2799 528 2849 sed
566 2800 621 2848 in
657 2800 874 2865 longum
913 2814 1223 2848 mucronem
1261 2798 1487 2847 abeunte
1522 2810 1781 2848 metentes

181 2882 426 2950 Excipit:
464 2886 560 2936 ah!
602 2886 795 2936 multos
834 2886 922 2935 illa
961 2887 1192 2954 undique
1232 2887 1402 2954 surgit
1439 2886 1494 2934 in
1532 2903 1716 2947 enseS‚

183 2970 297 3018 Nec
332 2975 475 3041 tangi
514 2975 684 3024 facilis
722 2975 1103 3042 tractandoque
1141 2992 1354 3040 aspera,
1394 2992 1551 3040 saepe

182 3058 444 3108 Instantes
483 3075 597 3112 atro
635 3063 809 3111 vibice
846 3062 1145 3111 redulcerat
1181 3063 1398 3121 hosteS‚

183 3143 436 3215 Illataque
474 3168 590 3199 suas
629 3162 937 3216 compensat
978 3150 1126 3200 clade
1165 3152 1364 3200 ruinas.

187 3233 299 3282 Nec
331 3236 496 3286 minus
536 3237 737 3286 idcirco
780 3237 1073 3303 impavidus
1111 3255 1208 3304 per
1242 3238 1424 3305 jugera
1460 3235 1565 3285 late

187 3320 398 3372 Messor
435 3336 519 3374 eat
544 3361 557 3386 ,
596 3325 849 3392 ferroque
881 3323 1015 3373 viam
1053 3325 1307 3375 eluctatus
1345 3336 1580 3391 apertam

185 3407 400 3460 Sternat
447 3412 764 3464 arundineae
813 3411 1067 3464 frondosa
1116 3413 1387 3464 cacumina
1443 3412 1648 3479 sylvae,
