2100 3882
130 129 233 182 512
454 162 458 166 -
663 120 1015 169 GRAMINEAE.
1088 120 1453 167 ERAGRos‘rls.

129 283 247 335 ct0,
284 268 441 321 nulla
479 266 724 336 exempla
770 267 1134 317 inveniuntur.
1169 293 1243 337 5-
1293 266 1405 317 Vidi
1436 267 1679 336 exempla
1717 267 2000 331 Ιαυαηίσα,

127 363 162 393 α
193 342 260 394 cl.
293 340 490 390 Blume
515 338 691 402 data.)

271 450 404 501 Obs
427 463 561 496 erv.
599 449 641 495 Ι.
693 442 921 494 Accedit
960 443 1023 493 ad
1062 447 1400 511 Eragrost
1424 445 1488 491 in
1526 445 1866 503 ciliatam,
1913 444 2009 494 sed

131 521 344 573 differt:
387 515 635 585 panicula
673 514 914 563 breviori
946 515 1113 581 magis
1149 532 1373 580 expansa
1404 552 1413 571 ‚
1455 515 1643 579 gluxnis
1680 516 2010 581 valvulisque

126 589 399 705 tenuibusb
421 585 668 654 quidem,
720 597 770 634 at
805 601 932 635 vero
985 602 1094 634 non
1132 585 1264 633 adeo
1304 584 1751 644 membranaceis,
1807 602 2008 651 purpu-

129 669 363 713 rascenti
406 675 483 705 us.

269 765 558 816 Observ.
599 763 665 809 II.
738 760 833 809 Isti
878 777 1131 827 perquam
1168 760 1355 808 similis
1400 778 1518 810 esse
1557 761 1865 819 videbatur,
1916 777 2011 810 ne-

131 854 234 907 que
261 835 408 896 fere,
444 832 549 881 nisi
580 830 853 882 varietatis
893 831 1108 880 nomine
1148 831 1467 896 separanda:

268 945 398 992 Era
417 956 537 1008 gro
557 937 689 986 stis
725 936 1066 1003 riparia†:
1099 937 1341 1002 panicula
1359 937 1723 1003 decomposita
1746 947 2012 986 coarctata

131 1013 344 1072 stricta,
407 1008 566 1058 ramis
612 1007 829 1056 alternis
874 1007 959 1055 vel
1005 1007 1370 1072 suboppositis
1420 1007 1771 1056 fasciculatim
1823 1006 2010 1056 divisis

127 1083 243 1133 basi
293 1080 521 1147 integris
545 1116 556 1138 ‚
617 1079 788 1126 axillis
839 1076 1028 1135 nudis,
1085 1077 1307 1142 spiculis
1359 1077 1557 1125 erectis
1608 1076 2007 1126 subimbricatis

125 1148 651 1215 lineari-oblongis,
693 1165 826 1196 sex·
866 1146 928 1194 ad
971 1143 1346 1206 decemssoris,
1385 1146 1587 1197 valvula
1627 1146 1889 1198 inferiore
1915 1147 2010 1195 ob-

128 1235 246 1273 tusa
289 1220 517 1270 trinervi
551 1219 885 1282 superiorem
923 1216 1082 1280 longe
1115 1216 1344 1265 ciliatam
1381 1227 1674 1283 aequante,
1715 1216 1889 1265 culmo
1919 1217 2010 1265 ad-

130 1293 418 1343 scendente
452 1305 696 1348 ramoso,
750 1286 897 1335 foliis
931 1285 1252 1353 vaginisque
1294 1286 1527 1354 glabris,
1587 1285 1669 1334 his
1712 1287 1853 1336 collo
1887 1286 2011 1335 bar-

127 1363 287 1415 batis.

266 1446 638 1516 Megastachya
676 1444 908 1510 riparia,
969 1441 1160 1493 VVilld.
1200 1444 1325 1492 Act.
1368 1444 1493 1493 Am.
1534 1453 1646 1493 nat.
1684 1463 1785 1494 scr.
1821 1442 2007 1493 Berol.

339 1521 433 1569 IV.
461 1536 517 1583 ρ.
562 1517 672 1569 185.
712 1513 818 1562 En.
857 1512 926 1562 H.
961 1511 1091 1562 Ber.
1123 1513 1166 1563 I.
1192 1533 1247 1581 ρ.
1287 1532 1395 1579 loq.
1435 1513 1503 1563 R.
1537 1524 1585 1563 et
1615 1514 1733 1564 Sch.
1759 1517 1811 1565 S.
1854 1520 1905 1565 V.
1934 1513 2008 1563 lI.

329 1608 384 1656 p.
429 1586 550 1650 503.
591 1582 778 1633 Zlffcmt.
827 1585 901 1633 II.
932 1602 988 1651 p.
1028 1584 1130 1650 321)
1175 1593 1223 1632 et
1258 1585 1375 1633 312.
1420 1582 1580 1634 Roth.
1625 1584 1764 1634 Noe).
1808 1583 1888 1652 pl.
1932 1603 2009 1652 sp.

330 1677 387 1726 p.
422 1657 503 1724 96.
542 1652 659 1722 Spr.
692 1652 743 1702 S.
784 1653 841 1703 V.
880 1655 1003 1721 [ρ.
1036 1654 1154 1719 347.
1187 1674 1240 1703 n.
1288 1672 1399 1719 127.

269 1745 410 1796 Hah.
446 1745 499 1793 in
527 1742 685 1793 India
721 1742 912 1791 orienl.
999 1741 1112 1793 Vidi
1140 1761 1276 1810 spec,
1319 1741 1448 1791 cult.

278 1837 565 1888 Observ.
605 1835 644 1881 I.
721 1834 826 1880 Er.
867 1831 1186 1896 plumosa
1245 1831 1428 1880 differt
1473 1830 1834 1880 solummodo:
1875 1829 2019 1896 pani-

133 1912 248 1962 cula
281 1907 447 1973 magis
494 1914 754 1953 coarctata
800 1901 1074 1958 densiori,
1130 1902 1290 1950 ramis
1327 1901 1577 1951 brevibus
1619 1901 1791 1949 axillis
1836 1900 2009 1959 nudis,

135 1978 353 2047 spiculis
384 1973 548 2040 magis
592 1971 851 2022 confertis
886 1987 1060 2037 neque
1097 1971 1430 2028 nutantibus,
1488 1971 1700 2036 pallidis
1747 1987 1846 2019 nec
1888 1987 2014 2035 pur-

135 2044 569 2117 purascentibus,
609 2040 949 2091 flosculorum
984 2051 1137 2090 aucto
1184 2042 1239 2088 in
1284 2041 1559 2108 plerisque
1599 2057 1838 2089 numero.
1911 2041 2018 2088 Re-

133 2122 281 2188 liquo
316 2115 501 2165 habitu
541 2123 760 2178 utraque
790 2113 931 2158 inter
981 2127 1098 2158 sese
1128 2111 1464 2160 conveniunt.

278 2206 571 2256 Observ.
615 2203 681 2248 II.
755 2199 1180 2266 Eragrostis
1233 2200 1395 2263 (Poa)
1446 2198 1641 2248 tenella
1691 2202 1753 2248 R.
1803 2201 1894 2247 ΒΓ.
1948 2197 2013 2246 ab

133 2282 236 2328 Er.
276 2276 590 2343 plumosa
629 2270 812 2318 distat:
866 2269 1111 2335 panicula
1156 2280 1429 2317 contracta
1466 2269 1787 2330 tenerrima,
1838 2267 2013 2334 spicu-

133 2350 200 2398 lis
239 2341 656 2412 angustioribus,
697 2338 939 2405 pallidis,
981 2338 1184 2388 valvula
1222 2339 1491 2405 superiori
1530 2338 1647 2388 fere
1679 2339 1837 2388 nuda.
1903 2337 2017 2388 Vidi

135 2435 275 2487 spec.
320 2414 460 2464 Νου.
502 2408 650 2459 Holl.
699 2418 749 2457 et
791 2410 899 2457 Ins.
941 2405 1184 2461 Maura.

271 2508 356 2555 De
386 2500 643 2552 varietate
675 2498 932 2566 Japonica
967 2500 1069 2547 Er.
1110 2508 1225 2547 ten
1246 2495 1428 2547 ellae
1450 2531 1463 2556 ,
1503 2494 1581 2545 nil
1621 2496 1757 2546 certi
1790 2506 2016 2547 constat.

540 2661 609 2706 16.
654 2670 1146 2708 ERAGRosT1s
1193 2669 1554 2706 CILIARIS.
1608 2657 1637 2709 †

279 2791 342 2837 E.
388 2786 628 2853 panicula
679 2783 972 2851 composita
1017 2779 1626 2849 glomerato-coarctata
1665 2778 2013 2846 cylindracea,

140 2861 299 2911 ramis
356 2856 604 2906 solitariis
662 2854 985 2904 abbreviatis
1038 2853 1362 2902 fasciculatis
1415 2852 1709 2917 rhachique
1759 2850 2015 2912 laevibus,

143 2929 362 2997 spiculis
424 2927 593 2976 ovatis
652 2923 973 2990 compressis
1040 2921 1444 2980 suboctossoris,
1512 2921 1713 2972 valvula
1759 2918 2020 2967 inferiore

143 2999 540 3049 membranacea
593 3006 896 3044 mucronata
943 2992 1202 3052 trinervi,
1257 2992 1536 3057 superiore
1571 2991 1726 3055 paulo
1760 2988 2013 3037 breviore

143 3072 302 3135 longe
357 3067 559 3122 ciliata,
627 3065 797 3113 culmo
852 3062 1209 3112 adscendente
1263 3078 1470 3111 ramoso
1516 3060 1662 3109 foliis
1703 3058 2015 3126 vaginisque

147 3137 374 3208 glabriS,
413 3134 496 3182 his
526 3135 666 3184 collo
701 3133 964 3182 barbatis:

286 3241 557 3297 Variat:
599 3259 644 3287 οι.
684 3240 856 3288 culmo
913 3238 1113 3304 pedali,
1172 3238 1315 3304 spica
1367 3239 1609 3303 elongata
1660 3235 2021 3302 cylindracea3

290 3359 334 3404 β.
377 3348 546 3399 culmo
578 3345 880 3412 hipollicari
914 3374 982 3382 ——
1023 3345 1360 3411 spithamaeo,
1402 3344 1544 3411 spica
1582 3342 1735 3394 brevi
1766 3340 2020 3408 cylindra-

152 3439 245 3475 cea
276 3417 647 3475 subcontinua,
688 3416 741 3476 (a
788 3433 887 3482 qua
921 3415 1171 3466 transitus
1211 3415 1275 3465 ad
1303 3433 1410 3468 var.
1440 3434 1490 3470 γ.
1527 3414 1844 3480 ellipticam,
1884 3427 2017 3480 quae

157 3504 238 3543 est
264 3508 372 3543 var.
405 3497 452 3543 β.
489 3487 629 3553 apud
664 3484 1079 3551 Humboldt.)
