2100 3882
148 153 254 207 240
739 143 1103 195 (ιίῑιΑιιιιΝΕΑΒ.Α
1158 141 1435 194 Paucum.

149 300 348 351 nervis.
421 292 658 344 Flosculi
688 291 929 350 neutrius
955 293 1159 343 valvula
1188 291 1405 355 (infer.)
1440 290 1855 360 septemnervis,
1894 308 2016 345 ner·
2075 351 2077 354 ¹

147 372 228 421 vis
252 365 557 419 lateralibus
595 362 996 428 approximatis,
1036 363 1254 412 carinali
1291 363 1568 425 obsolet03
1620 362 1867 427 superior
1907 363 2014 411 val-

147 443 266 492 vula
307 436 447 485 nulla
488 432 569 481 vel
609 431 972 480 minutissima.
1057 431 1493 499 Hermaphroditi
1537 432 1743 482 valvula
1787 431 2020 483 inferim-

147 520 324 565 ovata,
365 514 540 560 acuta,
578 501 923 550 transversim
959 501 1204 550 undulata
1226 538 1238 559 ,
1293 499 1605 552 flavescens.

280 602 327 644 β.
366 590 712 658 pumilum:
754 606 963 639 racemo
1000 589 1283 649 breviore,
1325 587 1632 639 involucelli
1673 588 1801 638 setis
1844 587 2015 655 spicu-

143 667 208 716 lis
253 664 343 713 vix
383 660 542 725 duplo
582 659 912 725 longioribus
962 659 1203 724 pallidis,
1268 660 1438 708 culmo
1488 658 1675 706 humili
1719 659 2020 726 caespitoso

145 745 356 791 erecto,
414 729 560 779 foliis
593 729 1223 778 lanceolam-attenuatis
1255 729 1365 778 basi
1406 727 1709 795 subpilosis.

219 815 222 823 Α
281 820 535 870 Panicum
570 816 848 883 pumilum,
889 812 1034 863 Poir.
1072 813 1108 864 l.
1154 832 1229 878 c.,
1270 814 1336 864 R.
1381 824 1430 864 et
1471 813 1590 864 Sch.
1623 814 1658 864 l.
1698 812 1794 865 a?

280 908 537 959 Panicum
571 906 811 972 glaucum
851 921 954 954 var.
1005 904 1064 950 P.
1114 921 1535 970 purpurascens,
1587 900 1656 952 H.
1686 912 1739 953 et
1762 900 1831 953 H.
1862 899 2018 954 Tria.

351 975 514 1027 Herb.

282 1064 509 1116 Habitat
537 1062 593 1112 ἶη
626 1060 824 1128 apricis
859 1057 931 1108 ad
967 1057 1154 1109 villam
1179 1058 1277 1108 das
1306 1058 1500 1119 Areas,
1541 1058 2020 1130 Pendatelzongaba

139 1148 239 1191 etc.
269 1133 582 1207 provinciae
624 1130 676 1181 S.
715 1129 894 1179 Pauli.
935 1158 1005 1167 —-
1043 1127 1224 1179 Floret
1272 1125 1576 1180 Decembrt'.
1631 1138 1690 1197 Θ

281 1225 565 1276 Observ.
657 1221 703 1268 A
746 1219 1126 1286 speciminibus
1187 1217 1475 1285 majoribus
1522 1236 1630 1269 non
1673 1219 1781 1268 nisi
1826 1230 2022 1268 statura

137 1297 420 1348 humiliore
476 1292 762 1341 diversum.
846 1290 1056 1338 Culmus
1102 1289 1622 1354 2--0-pollicaris‚
1673 1289 1769 1339 sub
1809 1306 2019 1338 racemo

136 1387 247 1418 non
279 1366 449 1415 minus
489 1361 737 1409 distincte
769 1376 961 1425 anceps
987 1395 998 1418 ,
1050 1358 1179 1407 folia
1211 1376 1318 1407 non
1347 1375 1445 1424 per
1485 1377 1542 1408 se
1570 1359 1785 1427 quidem
1815 1357 1911 1407 sed
1947 1358 2015 1408 ob

135 1439 398 1487 minorem
425 1429 838 1497 longitudinem,
898 1445 1029 1495 quae
1059 1427 1123 1477 ad
1151 1428 1402 1494 pollicem
1440 1447 1598 1478 unum
1636 1431 1721 1481 vel
1760 1427 2015 1495 sesquial-

137 1520 311 1558 terum
347 1506 434 1555 vix
465 1500 723 1558 excurrit,
764 1510 1017 1565 apparent
1058 1498 1260 1546 latiora.
1334 1500 1594 1548 Racemus
1625 1499 1715 1550 vix
1750 1498 1912 1549 3—6
1949 1498 2014 1546 li-

139 1595 266 1626 neas
295 1578 511 1641 longus,
555 1569 796 1636 pallidus.
872 1570 1026 1617 Setae
1070 1567 1198 1617 aliae
1241 1567 1468 1633 spiculas
1510 1581 1824 1636 aequantes,
1883 1567 2013 1617 aliae

136 1665 224 1697 eas
265 1646 423 1712 duplo
471 1650 814 1706 superantes,
874 1638 1067 1706 pallide
1107 1636 1287 1688 flavae.
1361 1639 1589 1707 Reliqua
1634 1651 1691 1689 ut
1727 1640 1782 1688 in
1823 1657 1930 1689 var.
1965 1657 2013 1687 ιι.

277 1728 513 1777 Adnot.
563 1732 599 1778 I.
682 1727 1010 1776 Panicum
1068 1726 1410 1788 imberbe,
1474 1729 1535 1775 P.
1591 1728 1901 1794 glaucum
1963 1736 2017 1774 et

138 1803 198 1849 P.
238 1809 752 1866 purpurascens
809 1797 998 1847 similia
1047 1796 1285 1863 quidem,
1340 1796 1434 1844 sed
1484 1808 1630 1847 certe
1676 1798 1887 1848 diversa
1930 1814 2011 1845 ra-

137 1872 284 1921 tione
317 1868 545 1917 omnium
578 1870 820 1934 partium.
893 1869 1038 1916 Haec
1083 1867 1153 1915 ita
1197 1865 1594 1932 distinguenda:

277 1959 319 2005 P
336 1975 362 2005 a
377 1975 408 2004 n
427 1956 444 2003 i
461 1973 487 2005 c
505 1975 598 2004 um
639 1958 698 2022 gl
718 1976 742 2004 a
757 1976 788 2004 u
803 1974 830 2005 c
848 1976 880 2004 u
894 1973 944 2003 m
962 1993 973 2014 ,
1029 1957 1088 2002 L.
1105 1972 1116 2003 :
1179 1971 1389 2003 racemo
1455 1955 1655 2021 spicato
1701 1951 2014 2020 cylindrico.

139 2026 474 2077 involucellis
524 2024 829 2074 subbiiioris
875 2025 1091 2091 spiculis
1136 2024 1501 2089 longioribus,
1559 2023 1782 2074 flosculo
1808 2023 2014 2071 herma-

137 2096 389 2164 phrodito
422 2095 941 2161 undulato-rugoso,
984 2096 1153 2144 culmo
1178 2093 1535 2144 adscendente
1567 2110 1775 2144 ramoso
1809 2093 1905 2143 sub
1933 2092 2013 2140 in-

137 2165 477 2216 florescentia
505 2166 756 2231 anguloso
775 2202 786 2224 ,
826 2166 970 2215 soliis
1004 2166 1175 2214 culmo
1194 2163 1532 2214 brevioribus
1560 2163 2014 2230 lineari-lanceo-

135 2237 256 2287 latis
294 2235 406 2284 basi
436 2234 684 2283 barbatis,

279 2341 530 2390 Panicum
567 2341 803 2406 glaucum
826 2378 838 2399 ,
886 2338 1077 2389 VWlld.
1115 2341 1202 2406 Sp.
1228 2337 1308 2407 pl.
1342 2337 1386 2390 I.
1419 2359 1477 2407 p.
1513 2339 1635 2392 335.
1683 2337 1774 2392 VV-
1803 2334 1910 2387 En·
1941 2333 2011 2385 Η-

342 2410 390 2460 h.
427 2407 611 2459 Berol.
644 2408 721 2460 II.
761 2428 816 2477 ρ.
860 2409 1005 2460 1030.
1045 2407 1193 2460 Pers.
1227 2407 1362 2478 Syn.
1399 2409 1444 2459 I.
1467 2429 1522 2477 ρ.
1550 2412 1633 2461 81.
1674 2407 1897 2459 Scltrad.
1925 2404 2015 2456 Fl.

351 2479 528 2530 Germ.
566 2483 609 2528 I.
652 2499 707 2547 p,
752 2488 865 2539 24¹·
919 2478 1133 2529 Schreh.
1195 2478 1378 2529 Gram.
1428 2488 1464 2529 t.
1509 2481 1591 2531 25.
1635 2477 1790 2533 Host.
1828 2475 2011 2527 Gram.

350 2551 541 2599 Atzstr.
583 2552 661 2600 II.
693 2559 730 2598 t.
770 2550 845 2599 ιζ).
885 2547 1056 2599 Leers
1089 2549 1354 2599 Herborn.
1382 2558 1421 2599 t.
1455 2567 1502 2598 2.
1527 2544 1585 2617 s
1625 2566 1672 2599 2.
1713 2574 1780 2585 —
1816 2545 2011 2597 Parsh.

347 2617 430 2668 Fl.
465 2619 594 2668 Am.
625 2627 877 2686 septentr.
912 2618 957 2669 I.
987 2639 1043 2686 p.
1080 2619 1162 2670 66.
1201 2628 1314 2668 tum
1345 2618 1580 2668 omninm
1613 2627 1896 2668 auctorum
1923 2613 2009 2666 ΡΖ.

345 2688 558 2756 Europ.
600 2698 648 2738 et
700 2687 877 2738 Asiat.
929 2698 1093 2757 atque
1127 2685 1358 2758 Afrt‘cae
1399 2697 1731 2756 temperatae
1784 2695 1835 2737 et
1879 2685 2008 2736 Am.

346 2757 546 2808 borectl.

272 2847 676 2906 Panicastrella,
736 2844 980 2912 Caesalp.
1007 2842 1082 2898 L.
1121 2843 1211 2895 W
1245 2863 1289 2896 c,
1329 2845 1415 2897 58.

277 2936 479 2984 Setaria
515 2935 723 3000 glauca,
776 2932 846 2982 R.
888 2943 939 2983 et
977 2932 1095 2983 δεῇ.
1134 2932 1187 2985 S.
1245 2932 1302 2984 V.
1338 2930 1417 2981 II.
1450 2950 1506 3000 p.
1544 2942 1663 3000 490.
1702 2929 1891 2982 Mant.
1926 2928 2007 2982 II.

339 3023 395 3070 p.
447 3007 562 3067 275.
617 3032 683 3040 -
746 3000 965 3073 Torrey
1018 3001 1102 3052 Fl.
1155 3003 1283 3054 Am.
1336 2998 1480 3071 corgf'.
1525 3000 1638 3052 bor.
1689 3010 1741 3052 et
1778 3000 1912 3052 med.
1963 3002 2007 3050 I.

341 3091 397 3141 p.
439 3073 549 3123 162.

268 3180 590 3230 Panicum
646 3196 1196 3246 purpurascens,
1243 3180 1310 3228 H.
1341 3189 1394 3228 et
1426 3177 1518 3229 K:
1558 3194 1769 3229 racemo
1807 3177 2010 3245 spicato

137 3249 429 3317 cylindrico
451 3285 463 3308 ‚
516 3249 848 3299 involucellis
886 3248 1192 3299 subbissoris
1233 3249 1453 3316 spiculis
1487 3248 1693 3298 demum
1723 3265 2008 3316 purpuras-

133 3319 376 3370 centibus
408 3319 567 3385 duplo
606 3319 936 3384 longioribus
957 3354 970 3377 ,
1021 3317 1246 3369 flosculo
1274 3317 1708 3384 hermaphrodito
1737 3317 2010 3367 undulato-

132 3389 371 3455 rugosis,
425 3388 655 3438 masculo
707 3388 902 3438 bivalvi
925 3424 937 3447 ,
1004 3390 1177 3440 culmo
1239 3387 1593 3438 adscendente
1642 3403 1854 3437 ramoso
1886 3386 2007 3436 'sub

131 3475 343 3508 racemo
395 3459 678 3524 angulose,
739 3457 885 3508 foliis
941 3452 1167 3509 culm'um
1223 3457 1665 3526 subaequantibus
1717 3454 2009 3507 linearibus

135 3527 248 3577 basi
280 3527 528 3578 barbatis„
