2100 3882
65 125 414 175 GnAmNEAE.
507 120 870 173 Onsnnvario
913 136 1222 172 Gssopoch
1259 138 1326 169 ET
1366 133 1732 170 oecononum.
1816 115 1916 170 555

67 283 336 329 servetur,
392 272 618 327 Zeam,
674 268 852 333 prisco
901 280 954 316 et
990 269 1168 335 ignoto
1209 268 1427 335 quodam
1467 267 1726 331 scriptore
1763 272 1919 320 teste,

70 342 157 408 qui
195 340 587 389 observationes
625 354 721 401 per
759 350 960 402 septem
1010 338 1178 386 decim
1217 355 1377 386 annos
1415 337 1467 383 in
1503 334 1724 384 Brasilia
1761 333 1926 380 factas

66 428 201 458 anno
247 411 372 470 1580
424 411 489 457 D.
530 423 868 455 cnmsrovao
908 424 978 454 DE
1016 424 1196 455 moussA
1251 425 1348 473 per
1391 407 1592 454 litteras
1642 399 1923 452 communi-

70 479 234 536 cavit,
285 476 417 543 apud
468 474 709 523 Indianos
773 472 1065 533 [Hm-tim,
1137 477 1272 539 apud
1326 476 1602 523 Lusitanos
1662 469 1922 519 thburro

66 547 257 596 dictam
311 562 454 602 esse,
513 540 696 590 Millzo
748 554 953 602 autem,
1006 555 1060 592 ut
1110 562 1247 593 nunc
1303 556 1549 603 vocatur,
1613 543 1667 590 in
1720 538 1925 591 Guinea

65 633 257 664 nomen
294 615 404 679 ejus
444 622 712 677 receptum
747 612 930 660 fuisse.
1718 667 1720 671 ι

207 683 409 749 Maydis
459 682 633 747 planta
687 681 868 739 facili,
932 680 1182 746 gleboso‚
1256 691 1368 728 atro
1433 680 1753 746 humidoque
1809 675 1925 724 solo

70 752 289 819 gaudet,
341 762 390 799 at
425 767 550 799 vero
603 750 657 797 in
707 750 946 798 omnibus
1001 750 1114 796 aliis
1166 767 1373 815 quoque
1414 761 1585 798 terrac
1623 745 1926 815 generibus,

69 834 209 870 terra
248 820 520 886 argillosa,
571 818 1202 885 ferruginoso-rubente,
1253 819 1406 867 immo
1459 820 1611 867 etiam
1662 819 1716 865 in
1773 831 1931 863 arena

69 890 343 956 provenit,
384 888 539 937 modo
576 905 642 936 ne
677 885 935 955 rigatione
972 899 1144 936 careat
1179 905 1276 936 nec
1316 889 1383 936 sit
1417 888 1650 953 exposita
1688 885 1792 934 illis
1829 883 1928 933 fri-

72 959 316 1025 goribus,
353 975 483 1023 quae
518 957 670 1022 hujus
709 959 912 1023 plantae
950 958 1139 1005 cultum
1181 960 1232 1003 in
1270 958 1440 1005 multis
1471 960 1713 1022 Europae
1751 953 1929 1019 regio-

69 1029 222 1076 nibus
279 1026 555 1075 difficilem
603 1027 844 1076 reddunt.
932 1028 1108 1092 Itaque
1146 1037 1196 1073 et
1233 1025 1287 1073 in
1323 1027 1480 1074 terris
1519 1038 1662 1074 extra
1701 1023 1930 1074 circulos

72 1098 309 1164 tropicos
353 1097 495 1154 sitis,
561 1096 613 1144 in
671 1096 960 1162 provinciis
1015 1095 1116 1143 flio
1170 1093 1386 1151 Grande
1434 1096 1501 1142 clo
1540 1093 1637 1143 Sal
1675 1106 1726 1143 et
1761 1109 1930 1158 usque

69 1165 318 1216 Mentem
366 1165 580 1214 Videam
628 1177 681 1214 et
728 1166 781 1214 in
829 1165 1200 1214 servidissimis
1240 1165 1333 1213 sub
1370 1165 1670 1230 Aequatore
1709 1162 1928 1229 provin-

73 1236 168 1286 ciis
210 1236 415 1285 colitur.
486 1236 684 1285 Verum
722 1237 939 1283 maxima
977 1249 1136 1300 opera
1175 1235 1285 1300 ejus
1323 1235 1556 1283 culturae
1598 1235 1652 1281 in
1688 1232 1740 1280 S.
1772 1228 1935 1279 Pauli

79 1317 132 1353 et
168 1302 361 1353 Minas
398 1302 595 1351 Get-aiis
629 1305 918 1371 provinciis
957 1303 1191 1369 impendi
1229 1303 1461 1362 videtur,
1501 1304 1710 1351 minima
1748 1319 1776 1349 e
1815 1317 1939 1350 con-

0 1397 4 1401 ·
74 1375 271 1433 trario,
325 1391 422 1439 pro
473 1374 1126 1440 incolarum'srequentia‚
1180 1374 1234 1421 in
1283 1373 1573 1438 provinciis
1612 1369 1933 1438 aquilonari-

73 1443 171 1491 bus
210 1442 377 1491 Searcc'
413 1454 464 1490 et
501 1438 899 1501 Pernambnco‚
957 1460 1087 1509 quae
1141 1442 1203 1490 ab
1250 1442 1409 1491 rebus
1457 1460 1521 1490 ex
1571 1442 1683 1491 aliis
1721 1439 1936 1506 imperii

77 1513 315 1579 partibus
353 1512 641 1577 importatis
678 1513 962 1579 plurimum
1000 1512 1249 1577 pendent.

214 1582 370 1648 Agris
420 1583 675 1646 sylvarum
727 1582 1109 1647 primitivarum
1148 1581 1306 1630 caede
1347 1593 1399 1631 et
1437 1580 1815 1645 exstirpatione
1853 1596 1939 1644 pa-

78 1651 202 1699 ratis
252 1650 535 1717 praecipue
596 1663 652 1699 ut
697 1652 857 1700 utaris
906 1651 1130 1716 primum
1198 1667 1314 1699 esse
1374 1650 1724 1716 agriculturae
1770 1648 1940 1697 brasi-

80 1720 259 1768 liensis
308 1731 684 1785 Ριἐ1000[)ϊηῐη,-
734 1731 952 1770 constat.
1025 1723 1203 1785 Itaque
1253 1721 1307 1768 in
1355 1720 1442 1768 illa
1479 1719 1733 1767 Brasiliae
1769 1728 1940 1784 parte,

76 1806 207 1855 quae
244 1790 412 1854 sylvas
448 1790 722 1854 possidet,
774 1791 869 1838 hae
920 1790 1044 1837 item
1097 1789 1160 1836 ad
1200 1791 1386 1838 Zeam
1426 1788 1724 1854 Maydem
1764 1789 1939 1837 colen-

77 1859 192 1906 dam
231 1859 383 1924 vulgo
422 1858 661 1907 adhiberi
700 1861 900 1917 solent,
962 1870 1013 1907 et
1046 1858 1167 1907 huic
1205 1859 1419 1926 quidem
1458 1858 1661 1923 plantae
1698 1874 1943 1923 praeser-

82 1928 170 1976 tim
216 1928 331 1976 loca
385 1928 540 1976 humo
586 1928 971 1995 pingui-nigra
1023 1928 1417 1985 conceduntur,
1485 1927 1654 1974 minus
1710 1938 1825 1992 apta
1879 1926 1945 1975 ad

81 1997 457 2063 procreandam
474 2000 810 2047 Mandioccae
846 1998 1074 2046 radicem
1115 1997 1451 2059 (Maniliot
1486 1996 1826 2045 utilissim
1850 2013 1942 2044 am

81 2077 134 2114 et
173 2066 355 2132 Aipi‚
407 2067 585 2131 Pohl.)
636 2079 919 2133 propterea
954 2066 1096 2132 quod
1133 2068 1339 2132 saepius
1375 2065 1460 2124 fit,
1514 2078 1570 2114 ut
1625 2066 1829 2114 radices
1886 2066 1941 2113 in

83 2135 148 2184 iis
184 2147 502 2200 putrescant.
576 2137 675 2184 Ubi
715 2148 882 2185 autem
922 2138 1093 2201 sylvae
1133 2136 1351 2195 desunt,
1419 2146 1476 2184 ut
1525 2137 1579 2183 in
1630 2135 1943 2202 regionibus

84 2204 515 2253 meridionalibus
553 2206 808 2254 tricesimi
845 2205 1034 2271 gradus
1072 2206 1391 2262 latitudinis,
1460 2222 1517 2252 ea
1572 2206 1687 2254 loca
1739 2206 1943 2270 eligun-

86 2284 199 2331 tur,
259 2291 391 2339 quae
431 2274 531 2322 situ
581 2292 673 2322 suo
714 2292 894 2323 versus
932 2274 1156 2340 frigidos
1194 2287 1378 2323 ventos
1416 2274 1948 2323 meridionali-occi-

89 2344 322 2392 dentales
366 2340 696 2404 (slslimzanos
742 2362 834 2393 scu
881 2340 1170 2410 Pamperos
1214 2349 1483 2406 vocatos),
1546 2344 1707 2391 veluti
1764 2361 1950 2392 versus

90 2411 388 2478 graviorem
427 2414 552 2462 solis
593 2413 832 2461 ardorem
870 2425 1006 2461 tecta
1045 2424 1192 2470 sunt,
1248 2430 1406 2478 seque
1461 2413 1604 2461 sacili
1655 2423 1706 2460 et
1743 2412 1952 2462 humida

87 2492 228 2529 terra
267 2482 645 2530 commendant.
719 2484 798 2530 Ne
852 2483 1048 2530 semina
1103 2501 1218 2532 cum
1265 2481 1577 2531 difficultate
1617 2482 1948 2547 proveniant,

84 2561 276 2599 terram
323 2551 461 2600 facili
517 2551 726 2619 quidem
775 2552 993 2600 humore
1050 2553 1320 2617 perfusum
1385 2569 1500 2599 csse
1563 2568 1784 2600 necesse
1845 2562 1944 2610 est,

96 2637 194 2686 qua
231 2620 294 2667 de
333 2637 485 2669 eausa
537 2621 592 2668 in
640 2633 745 2669 tota
795 2622 1018 2669 Brasilia
1065 2625 1208 2688 ‘Mays
1259 2622 1709 2687 appropinquante
1748 2622 1828 2668 vel
1869 2621 1949 2668 in-

95 2689 325 2754 cipiente
374 2700 610 2754 tempore
658 2691 838 2756 pluvio
890 2691 1135 2739 seminari
1186 2692 1331 2739 solet.
1408 2691 1565 2763 Quod
1613 2709 1766 2757 quum
1820 2701 1950 2738 tem-

93 2776 186 2824 pus
224 2759 505 2806 secundum
561 2759 852 2808 distantiam
891 2760 952 2808 ab
992 2761 1291 2825 Aequatore
1342 2761 1570 2825 aliasque
1620 2759 1954 2809 conditiones

78 2827 146 2875 'in
196 2827 419 2876 diversis
455 2828 586 2876 locis
639 2829 1037 2887 diversum,sit‚
1087 2830 1314 2895 agricola
1353 2830 1404 2876 in
1442 2829 1536 2877 hac
1577 2846 1634 2877 re
1673 2840 1949 2878 consuetu-

91 2896 212 2943 dine
251 2910 402 2962 atque
440 2898 736 2963 praeceptis
775 2917 802 2946 a
828 2898 1108 2961 majoribus
1137 2898 1338 2947 traditis
1371 2899 1691 2964 obsequitur.
1747 2901 1943 2964 Itaque,

99 2966 320 3030 exempli
375 2968 566 3031 gratia,
624 2967 677 3015 in
725 2965 826 3014 Rio
877 2967 941 3015 de
990 2966 1206 3015 Janeiro
1263 2979 1314 3016 et
1362 2967 1415 3019 S,
1459 2966 1628 3015 Panlo
1666 2971 1809 3034 Mays
1846 2986 1951 3016 ma-

95 3034 228 3082 xima
268 3052 330 3081 ex
366 3048 514 3101 parte
554 3036 879 3103 Septembri,
937 3037 989 3084 in
1043 3037 1253 3085 deserto
1294 3036 1578 3085 [wimarum
1617 3035 1952 3100 generalium

95 3102 347 3160 Octobri,
402 3105 453 3151 in
510 3103 828 3153 ntur-aalma
881 3118 931 3154 et
972 3103 1115 3154 Parti
1152 3109 1396 3156 Januario
1437 3125 1614 3156 mense
1654 3109 1952 3156 seminatur.

92 3173 368 3220 Caeterum
391 3173 478 3222 hic
506 3174 621 3223 fere
647 3176 816 3223 omnia
835 3195 859 3224 a
887 3176 1095 3224 diversa
1125 3177 1458 3225 naturaillius
1490 3179 1695 3243 plantae
1723 3175 1948 3240 pendet3

91 3258 210 3288 nam
237 3242 395 3289 altera
423 3245 559 3293 Zeae
587 3247 827 3302 varietas,
868 3263 998 3312 quae
1023 3263 1147 3312 prae
1164 3247 1281 3294 aliis
1308 3248 1515 3296 colitur.
1552 3248 1667 3311 plus
1697 3245 1952 3310 temporis

97 3308 162 3358 ad
188 3313 636 3361 matut-escendam
657 3314 818 3379 exigit
845 3315 923 3375 (in
942 3315 1246 3381 regionibus
1270 3315 1697 3363 men-idiomatibus
1723 3315 1954 3380 quinque

99 3390 183 3427 aut
215 3395 336 3437 sex,
376 3380 430 3426 in
461 3383 957 3447 septentrionalibus
978 3396 1198 3450 quatuor
1226 3387 1304 3433 vel
1327 3386 1554 3449 quinque
1579 3389 1844 3446 menses);
1881 3385 1954 3433 al-

97 3453 241 3507 tera,
286 3464 418 3514 quae
446 3449 500 3500 in
528 3452 750 3501 Brasilia
781 3451 975 3501 Cadete
1011 3464 1260 3517 vocatur,
1315 3453 1553 3503 breviori
1589 3454 1829 3520 t'empore
1848 3466 1954 3503 ma-
