2100 3882
355 109 704 159 Guimmmn.
777 106 1139 157 Osssmzvarxo
1173 115 1584 156 'eEoGnAPch.
1797 113 1898 164 545
1937 114 1965 125 ⁴

239 151 248 169 A

39 256 233 317 nitite,
283 255 592 305 australiore
647 268 775 302 vero
837 252 1061 315 junioris
1104 254 1219 303 aev‘i
1264 253 1701 314 formationibuS,
1771 274 1899 324 quas

40 326 350 390 Flotztrapp
385 325 596 380 dicunt,
638 321 886 385 componi
933 323 1168 383 videtur,
1209 340 1386 372 versus
1418 322 1766 373 Occidentem
1805 327 1900 374 de-

36 394 243 443 scendit
302 394 456 459 plano
507 390 730 457 quodam
779 392 1083 455 perampIO,
1141 392 1281 459 quod
1335 391 1414 441 vel
1472 392 1694 441 collibus
1748 395 1895 444 inae-

37 463 190 530 quale
227 462 420 528 passim
457 471 796 524 corrugatur,
849 459 930 507 vel
972 461 1024 506 in
1066 473 1232 509 vastas
1270 461 1515 526 planities
1556 460 1890 525 diffunditur,

39 544 93 581 et
130 532 230 579 hoc
278 531 434 579 modo
469 546 584 577 cum
623 526 899 575 altioribus
943 531 1140 592 campis
1185 530 1436 578 cohaeret
1494 547 1590 594 per
1633 533 1895 582 interiora

41 602 93 650 S.
133 600 283 647 Pauli
324 599 629 665 provinciae
668 597 984 661 patentibus.
1058 599 1256 646 Harum
1296 617 1450 664 supra
1492 617 1633 649 mare
1669 602 1896 656 altitudo
1932 622 1936 626 ·

34 671 176 718 inter
223 672 350 718 ι500
390 678 441 715 et
480 683 608 715 2000
649 666 837 731 pedum
859 665 1058 714 variare
1104 667 1324 723 videtur,
1354 680 1405 716 et
1431 685 1614 717 versus
1644 672 1896 720 Austrum

37 738 313 787 descendit
350 734 662 800 praesertim
702 735 827 782 inde
867 753 891 782 a
930 734 1209 784 latitudine
1251 739 1313 785 25
1351 737 1620 802 graduum.
1695 741 1752 787 In
1786 741 1896 791 col-

36 808 163 855 lium
187 806 455 854 cacumine
484 803 585 865 jam
613 803 832 851 humilia
863 804 1054 852 fruteta
1090 804 1190 868 jam
1214 801 1472 869 caespite,-
1491 809 1800 872 graminum,
1843 811 1903 858 in'

32 876 354 942 planitiebus
394 874 627 939 locisque
667 873 962 938 depressis,
1006 871 1288 922 fluviorum
1325 876 1668 942 rivorumque
1710 896 1900 945 magna*

35 944 189 1010 copia
209 943 565 1000 foecundatis,
610 954 756 1007 prata
790 943 961 990 virent
991 953 1076 990 aut
1108 945 1529 992 Araucariae
1559 945 1671 992 bra
1693 947 1854 997 silia
1875 977 1897 987 -

35 1031 156 1062 nae
194 1012 403 1061 nobiles
433 1012 591 1060 saltus
624 1011 891 1060 frondent.
931 1012 1100 1076 Regio
1120 1012 1316 1061 inculta
1352 1024 1447 1069 est,
1491 1013 1624 1062 etob
1645 1017 1895 1066 Indorum

36 1081 262 1132 hostiles
318 1081 556 1129 incursus
609 1083 952 1146 peregrinatu
1010 1080 1324 1144 difficilior:
1376 1083 1562 1128 Sertdo
1601 1082 1663 1130 de
1716 1082 1894 1152 Lages

36 1152 316 1217 appellant.
406 1153 515 1198 Hac
573 1162 719 1215 parte
773 1152 913 1198 inter
975 1148 1188 1199 fiumina
1247 1148 1487 1198 Curiliba
1548 1163 1600 1199 et
1657 1149 1896 1203 Pellotas

35 1221 233 1270 humile
283 1220 539 1268 montium
589 1219 767 1285 jugum
822 1217 1111 1285 (Espigdo)
1151 1220 1292 1269 inter
1342 1221 1657 1287 Aquilonem
1698 1235 1748 1271 et
1785 1228 1892 1273 Ex-

35 1302 209 1340 ortum
265 1290 536 1348 decurrit,
608 1289 709 1351 jam
766 1290 1200 1338 Araucariae
1251 1290 1689 1339 brasilianae
1740 1311 1896 1342 orna-

34 1370 212 1408 mento
253 1358 596 1417 destitutum3
654 1374 956 1422 camporum
1007 1376 1133 1407 vero
1181 1359 1390 1407 indoles
1429 1360 1576 1425 quasi
1616 1363 1797 1411 eadem
1835 1380 1893 1411 ac

35 1445 337 1493 camporum
378 1428 471 1475 sub
523 1428 639 1492 ipso
680 1428 915 1490 Tropico
956 1428 1195 1476 sitorum.
1271 1429 1519 1478 Gramina
1558 1431 1764 1481 scilicet
1802 1448 1904 1481 coa·

36 1499 153 1547 lore
220 1497 823 1563 glauco-incanescente
848 1534 859 1553 ,
926 1498 1014 1564 qui
1073 1499 1261 1562 longae
1320 1498 1446 1562 pubi
1512 1497 1772 1559 debetur,
1841 1513 1897 1551 et

34 1566 267 1634 magnis,
317 1582 376 1613 ac
414 1566 551 1613 inter
591 1583 645 1613 se
685 1566 933 1626 remotis,
989 1568 1041 1613 in
1081 1584 1212 1633 quos
1251 1567 1594 1625 increscunt,
1648 1571 1901 1637 caespiti-v

33 1636 130 1684 bus
169 1635 593 1699 distinguuntur3
648 1647 916 1683 caeterum
965 1635 1247 1684 herbarum
1299 1649 1351 1686 et
1401 1635 1737 1687 suffruticum
1787 1641 1895 1706 dis-

32 1704 205 1754 colori
272 1720 435 1769 grege
501 1703 725 1753 mirifice
796 1706 1149 1770 variegantur.
1257 1705 1341 1755 Ob
1410 1706 1649 1755 eximiam
1706 1708 1934 1758 horum·

34 1775 274 1824 locorum
313 1772 486 1838 quoad
524 1776 818 1837 graminum
858 1775 1245 1838 vegetationem
1296 1775 1585 1833 luxuriem,
1638 1795 1722 1825 res
1776 1778 1897 1843 pas-

31 1843 208 1893 cuaria
248 1843 392 1890 valde
431 1839 622 1899 floret,
685 1855 733 1890 et
772 1843 944 1908 campi
982 1843 1105 1891 ideo
1143 1861 1338 1891 nomen
1386 1842 1610 1910 Campos
1646 1846 1724 1893 da'
1770 1847 1896 1896 Vae·
1934 1869 1936 1871 ·

32 1911 178 1960 caria
215 1912 356 1959 nacti
407 1922 558 1969 sunt,
613 1930 716 1978 quo
767 1910 919 1958 simul
972 1912 1369 1978 distinguuntur
1406 1931 1431 1961 a
1471 1916 1667 1980 campis
1710 1933 1894 1966 versus

33 1980 456 2046 Septentrionem
523 1980 577 2027 in
640 1981 931 2046 provinciis
983 1984 1033 2030 S.
1087 1982 1236 2029 Pauli
1302 1993 1352 2030 et
1410 1994 1607 2032 tractus
1675 1985 1897 2035 auriferi

33 2047 278 2112 (ιΊῖῙὶηα-ςζ)
330 2048 573 2105 diffusis,
648 2068 779 2116 quos
841 2048 1310 2114 Catnposvgerae's
1362 2069 1668 2116 nuncupare
1705 2056 1893 2104 solent.

40 2121 240 2170 Versus
293 2123 538 2166 Austrum
578 2119 621 2166 si
664 2119 824 2185 magis
865 2121 1149 2184 procedas,
1219 2121 1272 2167 in
1324 2123 1598 2184 provincia
1653 2124 1896 2173 &Petri

33 2190 249 2239 australi
321 2185 398 2246 (S.
462 2184 633 2234 Pedro
686 2188 751 2234 clo
803 2184 923 2250 Sul)
995 2201 1044 2237 et
1101 2189 1154 2236 in
1209 2189 1421 2238 civitate
1474 2192 1669 2239 Montis
1715 2193 1907 2251 Videi.¹

39 2259 334 2324 graminum
370 2257 591 2304 formam
628 2257 880 2306 continuo
934 2268 1180 2305 mutatam
1233 2259 1534 2324 conspicies
1559 2295 1569 2315 ‚
1627 2279 1730 2328 quo
1770 2280 1897 2327 pro·
1931 2281 1933 2284 ·

31 2328 152 2393 pior
228 2329 290 2376 ad
357 2326 532 2390 polum
596 2326 874 2375 australem
931 2327 1124 2375 veniaS.
1228 2329 1417 2394 Jugum
1484 2329 1691 2378 scilicet
1744 2332 1896 2391 illud,

30 2395 170 2463 quod
208 2397 524 2445 maritimum
563 2394 787 2443 diximus
820 2431 830 2452 ‚
870 2396 924 2443 in
961 2396 1219 2444 limitibus
1259 2397 1567 2461 provinciae
1611 2401 1665 2450 S.
1706 2401 1897 2450 Catha-

28 2466 175 2513 rinae
225 2464 570 2519 australibus,
646 2463 707 2511 ad
772 2464 951 2513 fontes
1008 2463 1156 2513 fluvii
1219 2462 1474 2514 Tuben-do
1529 2467 1631 2531 jam
1686 2481 1796 2518 tres
1844 2481 1900 2519 et

30 2535 169 2601 quod
209 2535 417 2584 excedit
457 2532 644 2596 pedum
685 2534 845 2581 millia
883 2534 1075 2589 altum,
1131 2534 1254 2582 inde
1293 2553 1475 2584 versus
1516 2542 1802 2599 Austrum,
1840 2540 1896 2587 in
1929 2560 1932 2564 ·

28 2604 130 2653 duo
171 2605 383 2653 brachia
422 2602 727 2661 dirimitur,
778 2621 1004 2670 quorum
1041 2600 1294 2664 alterum,
1356 2606 1523 2654 altero
1565 2607 1756 2667 altius,
1814 2608 1897 2656 in·
1934 2628 1937 2631 ·

29 2683 112 2720 ter
158 2672 370 2722 flumina
419 2669 656 2736 Jacafzy‘
720 2682 773 2719 et
830 2670 1105 2739 Uraguay·
1159 2690 1339 2722 versus
1395 2674 1745 2725 Occidentem
1801 2677 1895 2727 de-

29 2743 227 2802 currit,
279 2744 503 2790 alterum
542 2743 788 2789 Austrum
828 2753 971 2790 recta
1010 2743 1173 2807 petit,
1229 2757 1280 2793 et
1326 2743 1380 2790 in
1432 2745 1596 2793 colles
1640 2747 1897 2811 deprimi-

29 2812 265 2870 tur,.ibi
305 2808 603 2867 Coclzillas,
645 2806 862 2868 Serrm,
920 2808 1227 2859 Albardoas
1264 2811 1468 2872 dictos,
1523 2815 1613 2880 qui
1665 2816 1893 2874 tandem,

29 2897 129 2947 qua
169 2892 316 2943 parte
357 2882 577 2929 maxime
617 2878 679 2926 ad
716 2880 997 2928 Meridiem
1035 2893 1275 2947 vergunt,
1333 2877 1493 2928 Serra
1532 2881 1627 2931 clos
1682 2881 1892 2952 Tappes

30 2949 219 2998 incolis
274 2952 538 2998 dicuntur.
627 2950 738 2996 Hac
792 2949 845 2996 in
911 2949 1157 3015 regione,
1234 2967 1371 3018 quae
1434 2954 1751 3003 Araucariae
1813 2972 1897 3003 ar-

29 3016 162 3066 bore
197 3018 296 3082 jam
337 3030 512 3076 caret,
573 3029 624 3066 et
675 3019 844 3080 sylvae
903 3035 1114 3086 quoque
1156 3019 1206 3067 in
1249 3035 1448 3086 genere
1486 3020 1616 3070 liunt
1651 3025 1888 3073 rariores

31 3089 163 3142 (non
201 3088 302 3135 nisi
342 3089 390 3135 in
430 3087 721 3138 borealiori
761 3098 939 3152 parte,
981 3099 1034 3136 et
1073 3089 1288 3155 quidem
1328 3088 1459 3138 locis
1499 3091 1748 3158 irriguis,
1801 3110 1894 3142 eo-

33 3155 154 3202 dem
188 3153 519 3223 modo,'quo
568 3156 763 3205 nostris
821 3158 873 3204 in
926 3158 1083 3206 terris
1126 3158 1241 3206 Alni
1280 3158 1343 3206 ad
1380 3159 1580 3208 rivulos
1622 3162 1892 3227 dispersae
1929 3173 1932 3177 ’

32 3239 276 3274 crescere
315 3225 486 3275 solent
512 3262 525 3285 ,
565 3226 813 3286 obviae),
864 3237 915 3275 et
959 3227 1229 3293 graminea
1277 3229 1542 3294 vegetatio
1582 3229 1897 3279 nostratium

32 3303 300 3357 pratorum
339 3293 870 3359 typum'aemulatur,
911 3296 1237 3361 graminibus
1276 3297 1441 3364 magis
1476 3299 1642 3346 dense
1684 3299 1892 3364 stipatis
1931 3318 1934 3321 ·

38 3371 277 3410 nectam
317 3362 542 3412 diversis
581 3362 703 3412 aliis
756 3364 949 3428 plantis
1002 3365 1341 3414 intermixtis.
1424 3363 1628 3430 Hyeme
1679 3373 1895 3434 quoque

37 3429 382 3497 rigidiuscula
419 3440 704 3495 urgentur,
742 3433 1032 3484 Decembri
1063 3450 1209 3488 -vero
1248 3445 1302 3482 et
1335 3434 1584 3486 Januario
1622 3437 1894 3486 mensibus

120 3520 313 3558 nona
346 3521 574 3559 BnAsn..
610 3501 683 3558 ΙΙ.
1234 3512 1309 3567 35
