<?xml version="1.0" encoding="UTF-8"?>
<!DOCTYPE html PUBLIC "-//W3C//DTD XHTML 1.0 Transitional//EN"
    "http://www.w3.org/TR/xhtml1/DTD/xhtml1-transitional.dtd">
<html xmlns="http://www.w3.org/1999/xhtml" xml:lang="en" lang="en">
 <head>
  <title>
</title>
<meta http-equiv="Content-Type" content="text/html;charset=utf-8" />
  <meta name='ocr-system' content='tesseract 3.04.00' />
  <meta name='ocr-capabilities' content='ocr_page ocr_carea ocr_par ocr_line ocrx_word'/>
</head>
<body>
  <div class='ocr_page' id='page_1' title='image "./florabrasiliensi02mart_0316.png"; bbox 0 0 2100 3882; ppageno 0'>
   <div class='ocr_carea' id='block_1_1' title="bbox 145 127 1421 194">
    <p class='ocr_par' dir='ltr' id='par_1_1' title="bbox 145 127 1421 194">
     <span class='ocr_line' id='line_1_1' title="bbox 145 127 1421 194; baseline -0.008 -9"><span class='ocrx_word' id='word_1_1' title='bbox 145 143 251 194; x_wconf 79' lang='lat'><strong>302</strong></span> <span class='ocrx_word' id='word_1_2' title='bbox 746 130 1107 180; x_wconf 58' lang='lat' dir='ltr'><strong>Gnammnsn.</strong></span> <span class='ocrx_word' id='word_1_3' title='bbox 1180 127 1421 176; x_wconf 63' lang='lat' dir='ltr'><strong>Pinnos.</strong></span> 
     </span>
    </p>
   </div>
   <div class='ocr_carea' id='block_1_2' title="bbox 141 272 2096 1331">
    <p class='ocr_par' dir='ltr' id='par_1_2' title="bbox 141 272 2025 1106">
     <span class='ocr_line' id='line_1_2' title="bbox 279 272 2023 343; baseline 0.006 -24"><span class='ocrx_word' id='word_1_4' title='bbox 279 284 434 338; x_wconf 72' lang='lat' dir='ltr'><strong>Folia</strong></span> <span class='ocrx_word' id='word_1_5' title='bbox 476 283 530 331; x_wconf 78' lang='lat' dir='ltr'><strong>in</strong></span> <span class='ocrx_word' id='word_1_6' title='bbox 586 279 786 330; x_wconf 79' lang='lat' dir='ltr'><strong>nostris</strong></span> <span class='ocrx_word' id='word_1_7' title='bbox 832 279 996 343; x_wconf 84' lang='lat'><em>5—-7</em></span> <span class='ocrx_word' id='word_1_8' title='bbox 1049 277 1275 343; x_wconf 82' lang='lat' dir='ltr'><strong>pollices</strong></span> <span class='ocrx_word' id='word_1_9' title='bbox 1320 277 1510 341; x_wconf 88' lang='lat' dir='ltr'><strong>longa,</strong></span> <span class='ocrx_word' id='word_1_10' title='bbox 1569 273 1671 324; x_wconf 89' lang='lat' dir='ltr'><strong>alia</strong></span> <span class='ocrx_word' id='word_1_11' title='bbox 1720 272 1776 324; x_wconf 75' lang='lat' dir='ltr'><strong>i&#39;n</strong></span> <span class='ocrx_word' id='word_1_12' title='bbox 1821 277 2023 339; x_wconf 86' lang='lat' dir='ltr'><strong>medio,</strong></span> 
     </span>
     <span class='ocr_line' id='line_1_3' title="bbox 142 347 2024 419; baseline -0.005 -12"><span class='ocrx_word' id='word_1_13' title='bbox 142 356 276 418; x_wconf 78' lang='lat' dir='ltr'><strong>alia,</strong></span> <span class='ocrx_word' id='word_1_14' title='bbox 317 351 581 419; x_wconf 77' lang='lat' dir='ltr'><strong>imprimis</strong></span> <span class='ocrx_word' id='word_1_15' title='bbox 613 348 923 416; x_wconf 72' lang='lat' dir='ltr'><strong>superiora,</strong></span> <span class='ocrx_word' id='word_1_16' title='bbox 963 358 1085 397; x_wconf 91' lang='lat' dir='ltr'><strong>ante</strong></span> <span class='ocrx_word' id='word_1_17' title='bbox 1115 348 1323 413; x_wconf 80' lang='lat' dir='ltr'><strong>apicem</strong></span> <span class='ocrx_word' id='word_1_18' title='bbox 1354 347 1541 393; x_wconf 89' lang='lat' dir='ltr'><strong>latiora</strong></span> <span class='ocrx_word' id='word_1_19' title='bbox 1576 362 1744 412; x_wconf 89' lang='lat' dir='ltr'><strong>eaque</strong></span> <span class='ocrx_word' id='word_1_20' title='bbox 1776 363 1903 397; x_wconf 86' lang='lat' dir='ltr'><strong>vero</strong></span> <span class='ocrx_word' id='word_1_21' title='bbox 1934 348 2024 397; x_wconf 89' lang='lat' dir='ltr'><strong>ba-</strong></span> 
     </span>
     <span class='ocr_line' id='line_1_4' title="bbox 142 417 2024 484; baseline -0.005 -8"><span class='ocrx_word' id='word_1_22' title='bbox 142 428 228 476; x_wconf 87' lang='lat' dir='ltr'><strong>sin</strong></span> <span class='ocrx_word' id='word_1_23' title='bbox 272 441 456 473; x_wconf 81' lang='lat' dir='ltr'><strong>versus</strong></span> <span class='ocrx_word' id='word_1_24' title='bbox 498 419 649 470; x_wconf 82' lang='lat' dir='ltr'><strong>valde</strong></span> <span class='ocrx_word' id='word_1_25' title='bbox 692 429 986 468; x_wconf 83' lang='lat' dir='ltr'><strong>attenuata:</strong></span> <span class='ocrx_word' id='word_1_26' title='bbox 1038 417 1217 466; x_wconf 85' lang='lat' dir='ltr'><strong>omnia</strong></span> <span class='ocrx_word' id='word_1_27' title='bbox 1266 417 1321 463; x_wconf 90' lang='lat' dir='ltr'><strong>in</strong></span> <span class='ocrx_word' id='word_1_28' title='bbox 1365 420 1561 464; x_wconf 66' lang='lat' dir='ltr'><strong>&#39;aversa</strong></span> <span class='ocrx_word' id='word_1_29' title='bbox 1612 417 1834 481; x_wconf 80' lang='lat' dir='ltr'><strong>pagina,</strong></span> <span class='ocrx_word' id='word_1_30' title='bbox 1890 435 2024 484; x_wconf 86' lang='lat' dir='ltr'><strong>quae</strong></span> 
     </span>
     <span class='ocr_line' id='line_1_5' title="bbox 144 485 2024 566; baseline -0.003 -23"><span class='ocrx_word' id='word_1_31' title='bbox 144 494 358 566; x_wconf 82' lang='lat' dir='ltr'><strong>quidem</strong></span> <span class='ocrx_word' id='word_1_32' title='bbox 389 492 536 541; x_wconf 90' lang='lat' dir='ltr'><strong>sulco</strong></span> <span class='ocrx_word' id='word_1_33' title='bbox 582 488 769 554; x_wconf 87' lang='lat' dir='ltr'><strong>petioli</strong></span> <span class='ocrx_word' id='word_1_34' title='bbox 810 487 1098 553; x_wconf 82' lang='lat' dir='ltr'>respondet</span> <span class='ocrx_word' id='word_1_35' title='bbox 1133 497 1184 534; x_wconf 87' lang='lat' dir='ltr'><strong>et</strong></span> <span class='ocrx_word' id='word_1_36' title='bbox 1216 502 1404 534; x_wconf 79' lang='lat' dir='ltr'><strong>revera</strong></span> <span class='ocrx_word' id='word_1_37' title='bbox 1447 485 1696 549; x_wconf 84' lang='lat' dir='ltr'><strong>superior</strong></span> <span class='ocrx_word' id='word_1_38' title='bbox 1729 501 1846 535; x_wconf 83' lang='lat' dir='ltr'><strong>esse</strong></span> <span class='ocrx_word' id='word_1_39' title='bbox 1879 487 2024 536; x_wconf 83' lang='lat' dir='ltr'><strong>vide-</strong></span> 
     </span>
     <span class='ocr_line' id='line_1_6' title="bbox 141 553 2022 626; baseline -0.002 -11"><span class='ocrx_word' id='word_1_40' title='bbox 141 578 258 622; x_wconf 89' lang='lat' dir='ltr'><strong>tur,</strong></span> <span class='ocrx_word' id='word_1_41' title='bbox 299 574 409 611; x_wconf 89' lang='lat' dir='ltr'><strong>tum</strong></span> <span class='ocrx_word' id='word_1_42' title='bbox 439 559 677 626; x_wconf 79' lang='lat' dir='ltr'><strong>margine</strong></span> <span class='ocrx_word' id='word_1_43' title='bbox 712 575 960 625; x_wconf 69' lang='lat' dir='ltr'><strong>quoque,</strong></span> <span class='ocrx_word' id='word_1_44' title='bbox 1000 557 1203 604; x_wconf 79' lang='lat' dir='ltr'><strong>scabra.</strong></span> <span class='ocrx_word' id='word_1_45' title='bbox 1254 555 1470 605; x_wconf 75' lang='lat' dir='ltr'><strong>Valvula</strong></span> <span class='ocrx_word' id='word_1_46' title='bbox 1501 553 1762 602; x_wconf 65' lang='lat' dir='ltr'><strong>foeminei</strong></span> <span class='ocrx_word' id='word_1_47' title='bbox 1809 554 2022 606; x_wconf 72' lang='lat' dir='ltr'><strong>flosculi</strong></span> 
     </span>
     <span class='ocr_line' id='line_1_7' title="bbox 142 624 2025 696; baseline -0.004 -13"><span class='ocrx_word' id='word_1_48' title='bbox 142 634 376 684; x_wconf 85' lang='lat' dir='ltr'><strong>inferior</strong></span> <span class='ocrx_word' id='word_1_49' title='bbox 425 631 578 696; x_wconf 83' lang='lat' dir='ltr'><strong>apice</strong></span> <span class='ocrx_word' id='word_1_50' title='bbox 631 640 833 678; x_wconf 87' lang='lat' dir='ltr'><strong>tantum</strong></span> <span class='ocrx_word' id='word_1_51' title='bbox 891 625 1234 695; x_wconf 84' lang='lat' dir='ltr'><strong>glochidibus</strong></span> <span class='ocrx_word' id='word_1_52' title='bbox 1286 624 1462 684; x_wconf 71' lang='lat' dir='ltr'><strong>hii-ta,</strong></span> <span class='ocrx_word' id='word_1_53' title='bbox 1527 624 1742 673; x_wconf 86' lang='lat' dir='ltr'><strong>inferne</strong></span> <span class='ocrx_word' id='word_1_54' title='bbox 1792 625 1928 675; x_wconf 76' lang='lat' dir='ltr'><strong>nuda</strong></span> <span class='ocrx_word' id='word_1_55' title='bbox 1973 639 2025 677; x_wconf 88' lang='lat' dir='ltr'><strong>et</strong></span> 
     </span>
     <span class='ocr_line' id='line_1_8' title="bbox 145 704 933 757; baseline 0.003 -5"><span class='ocrx_word' id='word_1_56' title='bbox 145 704 345 757; x_wconf 81' lang='lat' dir='ltr'><strong>scabra.</strong></span> <span class='ocrx_word' id='word_1_57' title='bbox 926 724 933 726; x_wconf 72' lang='grc'><em>“</em></span> 
     </span>
     <span class='ocr_line' id='line_1_9' title="bbox 168 759 2025 830; baseline 0.015 -45"><span class='ocrx_word' id='word_1_58' title='bbox 168 781 172 785; x_wconf 90' lang='grc'><em>.</em></span> <span class='ocrx_word' id='word_1_59' title='bbox 282 768 511 819; x_wconf 59' lang='lat' dir='ltr'><em>Habitat</em></span> <span class='ocrx_word' id='word_1_60' title='bbox 557 776 609 816; x_wconf 72' lang='lat' dir='ltr'><strong>et</strong></span> <span class='ocrx_word' id='word_1_61' title='bbox 654 766 708 816; x_wconf 80' lang='lat' dir='ltr'><strong>in</strong></span> <span class='ocrx_word' id='word_1_62' title='bbox 750 763 1023 813; x_wconf 78' lang='lat' dir='ltr'><strong>Brasiliae</strong></span> <span class='ocrx_word' id='word_1_63' title='bbox 1065 760 1238 830; x_wconf 57' lang='lat' dir='ltr'><strong>sylvis</strong></span> <span class='ocrx_word' id='word_1_64' title='bbox 1276 761 1570 829; x_wconf 69' lang='lat' dir='ltr'><strong>primaevis</strong></span> <span class='ocrx_word' id='word_1_65' title='bbox 1609 761 1775 825; x_wconf 71' lang='lat' dir='ltr'><strong>juxta</strong></span> <span class='ocrx_word' id='word_1_66' title='bbox 1825 759 2025 819; x_wconf 74' lang='lat' dir='ltr'><strong>flumen</strong></span> 
     </span>
     <span class='ocr_line' id='line_1_10' title="bbox 141 822 2023 898; baseline -0.004 -9"><span class='ocrx_word' id='word_1_67' title='bbox 141 841 517 898; x_wconf 75' lang='lat' dir='ltr'><strong>Amazonum,</strong></span> <span class='ocrx_word' id='word_1_68' title='bbox 555 854 652 886; x_wconf 83' lang='lat' dir='ltr'><strong>nec</strong></span> <span class='ocrx_word' id='word_1_69' title='bbox 682 853 787 885; x_wconf 81' lang='lat' dir='ltr'><strong>non</strong></span> <span class='ocrx_word' id='word_1_70' title='bbox 822 835 892 882; x_wconf 82' lang='lat' dir='ltr'><strong>ad</strong></span> <span class='ocrx_word' id='word_1_71' title='bbox 916 831 1086 897; x_wconf 79' lang='lat' dir='ltr'><strong>flam.</strong></span> <span class='ocrx_word' id='word_1_72' title='bbox 1118 829 1513 898; x_wconf 63' lang='lat' dir='ltr'><strong>Peruaguaofi,</strong></span> <span class='ocrx_word' id='word_1_73' title='bbox 1555 829 1659 880; x_wconf 80' lang='lat' dir='ltr'><strong>Rio</strong></span> <span class='ocrx_word' id='word_1_74' title='bbox 1700 831 1763 879; x_wconf 84' lang='lat' dir='ltr'><strong>de</strong></span> <span class='ocrx_word' id='word_1_75' title='bbox 1808 822 2023 890; x_wconf 71' lang='lat' dir='ltr'><strong>Comus,</strong></span> 
     </span>
     <span class='ocr_line' id='line_1_11' title="bbox 141 900 2022 972; baseline -0.005 -11"><span class='ocrx_word' id='word_1_76' title='bbox 141 912 212 961; x_wconf 83' lang='lat' dir='ltr'><strong>da</strong></span> <span class='ocrx_word' id='word_1_77' title='bbox 240 909 537 959; x_wconf 79' lang='lat' dir='ltr'><strong>Caclzoeira</strong></span> <span class='ocrx_word' id='word_1_78' title='bbox 574 905 671 959; x_wconf 83' lang='lat' dir='ltr'><strong>rel.</strong></span> <span class='ocrx_word' id='word_1_79' title='bbox 703 906 754 954; x_wconf 78' lang='lat' dir='ltr'><strong>in</strong></span> <span class='ocrx_word' id='word_1_80' title='bbox 792 902 1075 972; x_wconf 66' lang='lat' dir='ltr'><strong>provincia</strong></span> <span class='ocrx_word' id='word_1_81' title='bbox 1105 900 1391 963; x_wconf 69' lang='lat' dir='ltr'><strong>Hahietzsi‚</strong></span> <span class='ocrx_word' id='word_1_82' title='bbox 1442 901 1512 948; x_wconf 83' lang='lat' dir='ltr'><strong>ad</strong></span> <span class='ocrx_word' id='word_1_83' title='bbox 1557 901 2022 969; x_wconf 72' lang='lat' dir='ltr'><strong>Sebastianopolin</strong></span> 
     </span>
     <span class='ocr_line' id='line_1_12' title="bbox 143 968 2024 1043; baseline -0.004 -14"><span class='ocrx_word' id='word_1_84' title='bbox 143 979 445 1043; x_wconf 65' lang='grc' dir='ltr'>(Μαντίας)</span> <span class='ocrx_word' id='word_1_85' title='bbox 495 975 756 1026; x_wconf 73' lang='lat' dir='ltr'><strong>similibus</strong></span> <span class='ocrx_word' id='word_1_86' title='bbox 798 973 927 1022; x_wconf 79' lang='lat' dir='ltr'><strong>locis</strong></span> <span class='ocrx_word' id='word_1_87' title='bbox 978 971 1106 1039; x_wconf 78' lang='lat' dir='ltr'><strong>legit</strong></span> <span class='ocrx_word' id='word_1_88' title='bbox 1147 971 1398 1018; x_wconf 76' lang='lat' dir='ltr'><strong>Sereniss.</strong></span> <span class='ocrx_word' id='word_1_89' title='bbox 1443 968 1631 1020; x_wconf 80' lang='lat' dir='ltr'><strong>Princ.</strong></span> <span class='ocrx_word' id='word_1_90' title='bbox 1674 969 2024 1022; x_wconf 67' lang='lat' dir='ltr'><strong>Zlffaximilia-</strong></span> 
     </span>
     <span class='ocr_line' id='line_1_13' title="bbox 141 1039 1572 1106; baseline 0.011 -34"><span class='ocrx_word' id='word_1_91' title='bbox 141 1070 244 1101; x_wconf 67' lang='lat' dir='ltr'><strong>nus</strong></span> <span class='ocrx_word' id='word_1_92' title='bbox 264 1047 630 1098; x_wconf 52' lang='lat' dir='ltr'><em>Neovidensis·</em></span> <span class='ocrx_word' id='word_1_93' title='bbox 704 1043 892 1094; x_wconf 65' lang='lat' dir='ltr'><strong>Floret</strong></span> <span class='ocrx_word' id='word_1_94' title='bbox 926 1040 1064 1090; x_wconf 69' lang='lat' dir='ltr'><strong>JVov.</strong></span> <span class='ocrx_word' id='word_1_95' title='bbox 1107 1069 1171 1078; x_wconf 94' lang='lat'><strong>—</strong></span> <span class='ocrx_word' id='word_1_96' title='bbox 1210 1039 1413 1106; x_wconf 73' lang='lat' dir='ltr'><strong>Aprili.</strong></span> <span class='ocrx_word' id='word_1_97' title='bbox 1497 1049 1572 1096; x_wconf 50' lang='lat' dir='ltr'><strong>Q.</strong></span> 
     </span>
    </p>

    <p class='ocr_par' dir='ltr' id='par_1_3' title="bbox 141 1111 2096 1331">
     <span class='ocr_line' id='line_1_14' title="bbox 279 1111 2082 1182; baseline -0.006 -11"><span class='ocrx_word' id='word_1_98' title='bbox 279 1121 564 1172; x_wconf 84' lang='lat' dir='ltr'><strong>Observ.</strong></span> <span class='ocrx_word' id='word_1_99' title='bbox 637 1117 868 1182; x_wconf 81' lang='lat' dir='ltr'><strong>Figurae</strong></span> <span class='ocrx_word' id='word_1_100' title='bbox 919 1131 946 1160; x_wconf 91' lang='lat' dir='ltr'><strong>a</strong></span> <span class='ocrx_word' id='word_1_101' title='bbox 995 1116 1340 1160; x_wconf 85' lang='lat' dir='ltr'><strong>Browneo</strong></span> <span class='ocrx_word' id='word_1_102' title='bbox 1395 1122 1448 1159; x_wconf 84' lang='lat' dir='ltr'><strong>et</strong></span> <span class='ocrx_word' id='word_1_103' title='bbox 1498 1111 1805 1161; x_wconf 86' lang='lat' dir='ltr'><strong>Sloaneo</strong></span> <span class='ocrx_word' id='word_1_104' title='bbox 1874 1111 2026 1161; x_wconf 81' lang='lat' dir='ltr'><strong>datae</strong></span> <span class='ocrx_word' id='word_1_105' title='bbox 2080 1148 2082 1151; x_wconf 61' lang='grc'>«</span> 
     </span>
     <span class='ocr_line' id='line_1_15' title="bbox 141 1180 2096 1258; baseline 0.002 -29"><span class='ocrx_word' id='word_1_106' title='bbox 141 1190 346 1258; x_wconf 72' lang='lat' dir='ltr'><strong>optime</strong></span> <span class='ocrx_word' id='word_1_107' title='bbox 393 1199 629 1238; x_wconf 79' lang='lat' dir='ltr'><strong>nostram</strong></span> <span class='ocrx_word' id='word_1_108' title='bbox 681 1184 983 1250; x_wconf 82' lang='lat' dir='ltr'><strong>exprimunt</strong></span> <span class='ocrx_word' id='word_1_109' title='bbox 1027 1181 1289 1247; x_wconf 77' lang='lat' dir='ltr'><strong>plantam,</strong></span> <span class='ocrx_word' id='word_1_110' title='bbox 1350 1198 1504 1247; x_wconf 80' lang='lat' dir='ltr'><strong>quam</strong></span> <span class='ocrx_word' id='word_1_111' title='bbox 1549 1180 1748 1229; x_wconf 87' lang='lat' dir='ltr'><strong>rectius</strong></span> <span class='ocrx_word' id='word_1_112' title='bbox 1797 1180 2026 1232; x_wconf 79' lang='lat' dir='ltr'><strong>fortasse</strong></span> <span class='ocrx_word' id='word_1_113' title='bbox 2088 1195 2096 1206; x_wconf 80' lang='lat'><strong>⁹</strong></span> 
     </span>
     <span class='ocr_line' id='line_1_16' title="bbox 141 1249 1734 1331; baseline -0.008 -20"><span class='ocrx_word' id='word_1_114' title='bbox 141 1261 337 1331; x_wconf 87' lang='lat' dir='ltr'><strong>aliquis</strong></span> <span class='ocrx_word' id='word_1_115' title='bbox 373 1258 664 1309; x_wconf 84' lang='lat' dir='ltr'><strong>Pharum</strong></span> <span class='ocrx_word' id='word_1_116' title='bbox 700 1251 1094 1305; x_wconf 81' lang='lat' dir='ltr'><strong>latifolium</strong></span> <span class='ocrx_word' id='word_1_117' title='bbox 1130 1250 1326 1299; x_wconf 88' lang='lat' dir='ltr'><strong>Linn.</strong></span> <span class='ocrx_word' id='word_1_118' title='bbox 1365 1249 1734 1317; x_wconf 81' lang='lat' dir='ltr'><strong>appellaverit.</strong></span> 
     </span>
    </p>
   </div>
   <div class='ocr_carea' id='block_1_3' title="bbox 582 1394 1573 1437">
    <p class='ocr_par' dir='ltr' id='par_1_4' title="bbox 582 1394 1573 1437">
     <span class='ocr_line' id='line_1_17' title="bbox 582 1394 1573 1437; baseline -0.005 -2"><span class='ocrx_word' id='word_1_119' title='bbox 582 1394 625 1435; x_wconf 76' lang='grc'><strong>2.</strong></span> <span class='ocrx_word' id='word_1_120' title='bbox 672 1397 968 1437; x_wconf 77' lang='lat' dir='ltr'><strong>PHARUS</strong></span> <span class='ocrx_word' id='word_1_121' title='bbox 1011 1394 1573 1432; x_wconf 63' lang='lat' dir='ltr'><strong>BRASILIENSIS.</strong></span> 
     </span>
    </p>
   </div>
   <div class='ocr_carea' id='block_1_4' title="bbox 280 1480 2093 1548">
    <p class='ocr_par' dir='ltr' id='par_1_5' title="bbox 280 1480 2093 1548">
     <span class='ocr_line' id='line_1_18' title="bbox 280 1480 2093 1548; baseline -0.003 -10"><span class='ocrx_word' id='word_1_122' title='bbox 280 1488 379 1539; x_wconf 89' lang='lat' dir='ltr'><strong>Ph.</strong></span> <span class='ocrx_word' id='word_1_123' title='bbox 417 1486 567 1537; x_wconf 87' lang='lat' dir='ltr'><strong>foliis</strong></span> <span class='ocrx_word' id='word_1_124' title='bbox 599 1484 919 1535; x_wconf 88' lang='lat' dir='ltr'><strong>lanceolatis</strong></span> <span class='ocrx_word' id='word_1_125' title='bbox 961 1481 1274 1533; x_wconf 86' lang='lat' dir='ltr'><strong>acuminatis</strong></span> <span class='ocrx_word' id='word_1_126' title='bbox 1319 1480 1505 1530; x_wconf 88' lang='lat' dir='ltr'><strong>subtus</strong></span> <span class='ocrx_word' id='word_1_127' title='bbox 1546 1480 2023 1548; x_wconf 86' lang='lat' dir='ltr'><strong>pubescenti-sca·</strong></span> <span class='ocrx_word' id='word_1_128' title='bbox 2089 1540 2093 1542; x_wconf 37' lang='grc'>,</span> 
     </span>
    </p>
   </div>
   <div class='ocr_carea' id='block_1_5' title="bbox 138 1557 2024 1835">
    <p class='ocr_par' dir='ltr' id='par_1_6' title="bbox 140 1557 772 1620">
     <span class='ocr_line' id='line_1_19' title="bbox 140 1557 772 1620; baseline -0.011 -9"><span class='ocrx_word' id='word_1_129' title='bbox 140 1560 280 1620; x_wconf 87' lang='lat' dir='ltr'><strong>bris,</strong></span> <span class='ocrx_word' id='word_1_130' title='bbox 320 1559 505 1608; x_wconf 85' lang='lat' dir='ltr'><strong>rhachi</strong></span> <span class='ocrx_word' id='word_1_131' title='bbox 539 1557 772 1606; x_wconf 86' lang='lat' dir='ltr'><strong>hirsuta:</strong></span> 
     </span>
    </p>

    <p class='ocr_par' dir='ltr' id='par_1_7' title="bbox 138 1618 2024 1768">
     <span class='ocr_line' id='line_1_20' title="bbox 280 1618 2024 1688; baseline -0.007 -9"><span class='ocrx_word' id='word_1_132' title='bbox 280 1649 328 1679; x_wconf 72' lang='lat' dir='ltr'><strong>oz.</strong></span> <span class='ocrx_word' id='word_1_133' title='bbox 367 1629 383 1676; x_wconf 96' lang='lat' dir='ltr'><strong>l</strong></span> <span class='ocrx_word' id='word_1_134' title='bbox 399 1648 425 1678; x_wconf 95' lang='lat' dir='ltr'><strong>a</strong></span> <span class='ocrx_word' id='word_1_135' title='bbox 439 1641 458 1678; x_wconf 89' lang='lat' dir='ltr'><strong>t</strong></span> <span class='ocrx_word' id='word_1_136' title='bbox 473 1629 491 1677; x_wconf 91' lang='lat' dir='ltr'><strong>i</strong></span> <span class='ocrx_word' id='word_1_137' title='bbox 508 1628 574 1677; x_wconf 84' lang='lat' dir='ltr'><strong>so</strong></span> <span class='ocrx_word' id='word_1_138' title='bbox 591 1629 607 1675; x_wconf 92' lang='lat' dir='ltr'><strong>l</strong></span> <span class='ocrx_word' id='word_1_139' title='bbox 624 1628 642 1675; x_wconf 93' lang='lat' dir='ltr'><strong>i</strong></span> <span class='ocrx_word' id='word_1_140' title='bbox 659 1646 690 1675; x_wconf 92' lang='lat' dir='ltr'><strong>u</strong></span> <span class='ocrx_word' id='word_1_141' title='bbox 706 1646 728 1676; x_wconf 92' lang='lat' dir='ltr'><strong>s</strong></span> <span class='ocrx_word' id='word_1_142' title='bbox 745 1625 774 1688; x_wconf 76' lang='grc'><strong>,’</strong></span> <span class='ocrx_word' id='word_1_143' title='bbox 823 1623 975 1674; x_wconf 80' lang='lat' dir='ltr'><strong>foliis</strong></span> <span class='ocrx_word' id='word_1_144' title='bbox 1027 1622 1135 1672; x_wconf 87' lang='lat' dir='ltr'><strong>lato</strong></span> <span class='ocrx_word' id='word_1_145' title='bbox 1152 1651 1169 1660; x_wconf 90' lang='lat'><strong>·</strong></span> <span class='ocrx_word' id='word_1_146' title='bbox 1187 1620 1499 1671; x_wconf 90' lang='lat' dir='ltr'><strong>lanceolatis</strong></span> <span class='ocrx_word' id='word_1_147' title='bbox 1550 1618 1621 1683; x_wconf 86' lang='lat'><strong>(5</strong></span> <span class='ocrx_word' id='word_1_148' title='bbox 1637 1648 1700 1657; x_wconf 96' lang='lat'><strong>—</strong></span> <span class='ocrx_word' id='word_1_149' title='bbox 1717 1618 1750 1671; x_wconf 84' lang='lat'>6</span> <span class='ocrx_word' id='word_1_150' title='bbox 1795 1621 2024 1688; x_wconf 81' lang='lat' dir='ltr'><strong>pollices</strong></span> 
     </span>
     <span class='ocr_line' id='line_1_21' title="bbox 138 1690 1712 1768; baseline -0.007 -19"><span class='ocrx_word' id='word_1_151' title='bbox 138 1700 317 1768; x_wconf 87' lang='lat' dir='ltr'><strong>longis</strong></span> <span class='ocrx_word' id='word_1_152' title='bbox 336 1735 350 1759; x_wconf 90' lang='lat'>,</span> <span class='ocrx_word' id='word_1_153' title='bbox 390 1699 644 1765; x_wconf 85' lang='lat' dir='ltr'><strong>pollicem</strong></span> <span class='ocrx_word' id='word_1_154' title='bbox 674 1696 793 1746; x_wconf 85' lang='lat' dir='ltr'><strong>fere</strong></span> <span class='ocrx_word' id='word_1_155' title='bbox 828 1695 1006 1756; x_wconf 86' lang='lat' dir='ltr'><strong>latis),</strong></span> <span class='ocrx_word' id='word_1_156' title='bbox 1057 1691 1244 1742; x_wconf 87' lang='lat' dir='ltr'><strong>rhachi</strong></span> <span class='ocrx_word' id='word_1_157' title='bbox 1279 1693 1446 1759; x_wconf 87' lang='lat' dir='ltr'><strong>magis</strong></span> <span class='ocrx_word' id='word_1_158' title='bbox 1480 1690 1712 1752; x_wconf 85' lang='lat' dir='ltr'><strong>hirsuta3</strong></span> 
     </span>
    </p>

    <p class='ocr_par' dir='ltr' id='par_1_8' title="bbox 282 1759 2024 1835">
     <span class='ocr_line' id='line_1_22' title="bbox 282 1759 2024 1835; baseline -0.006 -15"><span class='ocrx_word' id='word_1_159' title='bbox 282 1778 331 1821; x_wconf 83' lang='grc' dir='ltr'><strong>β.</strong></span> <span class='ocrx_word' id='word_1_160' title='bbox 373 1787 399 1818; x_wconf 86' lang='lat' dir='ltr'><strong>a</strong></span> <span class='ocrx_word' id='word_1_161' title='bbox 417 1788 448 1817; x_wconf 87' lang='lat' dir='ltr'><strong>n</strong></span> <span class='ocrx_word' id='word_1_162' title='bbox 467 1786 499 1835; x_wconf 84' lang='lat' dir='ltr'><strong>g</strong></span> <span class='ocrx_word' id='word_1_163' title='bbox 517 1787 548 1816; x_wconf 92' lang='lat' dir='ltr'><strong>u</strong></span> <span class='ocrx_word' id='word_1_164' title='bbox 568 1786 590 1816; x_wconf 85' lang='lat' dir='ltr'><strong>s</strong></span> <span class='ocrx_word' id='word_1_165' title='bbox 605 1779 624 1816; x_wconf 92' lang='lat' dir='ltr'><strong>t</strong></span> <span class='ocrx_word' id='word_1_166' title='bbox 640 1768 658 1815; x_wconf 83' lang='grc' dir='ltr'><strong>ἰ</strong></span> <span class='ocrx_word' id='word_1_167' title='bbox 674 1766 699 1817; x_wconf 73' lang='lat' dir='ltr'>f</span> <span class='ocrx_word' id='word_1_168' title='bbox 713 1767 772 1816; x_wconf 90' lang='lat' dir='ltr'><strong>ol</strong></span> <span class='ocrx_word' id='word_1_169' title='bbox 790 1766 856 1813; x_wconf 86' lang='lat' dir='ltr'><strong>iu</strong></span> <span class='ocrx_word' id='word_1_170' title='bbox 872 1784 893 1813; x_wconf 89' lang='lat' dir='ltr'><strong>s</strong></span> <span class='ocrx_word' id='word_1_171' title='bbox 909 1801 921 1822; x_wconf 88' lang='lat'>‚</span> <span class='ocrx_word' id='word_1_172' title='bbox 960 1763 1108 1812; x_wconf 84' lang='lat' dir='ltr'><strong>foliis</strong></span> <span class='ocrx_word' id='word_1_173' title='bbox 1141 1774 1364 1828; x_wconf 80' lang='lat' dir='ltr'><strong>angusto</strong></span> <span class='ocrx_word' id='word_1_174' title='bbox 1380 1793 1400 1801; x_wconf 95' lang='lat'><em>-</em></span> <span class='ocrx_word' id='word_1_175' title='bbox 1416 1761 1728 1810; x_wconf 75' lang='lat' dir='ltr'><strong>lance-oletis</strong></span> <span class='ocrx_word' id='word_1_176' title='bbox 1766 1759 1825 1823; x_wconf 84' lang='lat'><strong>(8</strong></span> <span class='ocrx_word' id='word_1_177' title='bbox 1842 1792 1905 1801; x_wconf 91' lang='lat'>—</span> <span class='ocrx_word' id='word_1_178' title='bbox 1927 1781 1945 1810; x_wconf 81' lang='grc' dir='ltr'><strong>ι</strong></span> <span class='ocrx_word' id='word_1_179' title='bbox 1963 1781 1981 1810; x_wconf 89' lang='grc' dir='ltr'><strong>ι</strong></span> <span class='ocrx_word' id='word_1_180' title='bbox 2000 1792 2024 1801; x_wconf 92' lang='grc'><strong>-</strong></span> 
     </span>
    </p>
   </div>
   <div class='ocr_carea' id='block_1_6' title="bbox 54 1830 2022 1909">
    <p class='ocr_par' dir='ltr' id='par_1_9' title="bbox 54 1830 2022 1909">
     <span class='ocr_line' id='line_1_23' title="bbox 54 1830 2022 1909; baseline -0.005 -17"><span class='ocrx_word' id='word_1_181' title='bbox 54 1876 57 1881; x_wconf 66' lang='grc'><strong><em>«</em></strong></span> <span class='ocrx_word' id='word_1_182' title='bbox 139 1840 525 1909; x_wconf 85' lang='lat' dir='ltr'><strong>pollicaribus,</strong></span> <span class='ocrx_word' id='word_1_183' title='bbox 564 1839 722 1903; x_wconf 75' lang='lat' dir='ltr'><strong>8—o</strong></span> <span class='ocrx_word' id='word_1_184' title='bbox 761 1836 931 1883; x_wconf 83' lang='lat' dir='ltr'><strong>lineas</strong></span> <span class='ocrx_word' id='word_1_185' title='bbox 968 1833 1146 1891; x_wconf 80' lang='lat' dir='ltr'><strong>latis),</strong></span> <span class='ocrx_word' id='word_1_186' title='bbox 1196 1832 1384 1881; x_wconf 86' lang='lat' dir='ltr'><strong>rhachi</strong></span> <span class='ocrx_word' id='word_1_187' title='bbox 1425 1831 1636 1880; x_wconf 85' lang='lat' dir='ltr'><strong>mollius</strong></span> <span class='ocrx_word' id='word_1_188' title='bbox 1671 1830 2022 1898; x_wconf 83' lang='lat' dir='ltr'><strong>pubescente.</strong></span> 
     </span>
    </p>
   </div>
   <div class='ocr_carea' id='block_1_7' title="bbox 144 1898 2080 2602">
    <p class='ocr_par' dir='ltr' id='par_1_10' title="bbox 279 1898 1848 1968">
     <span class='ocr_line' id='line_1_24' title="bbox 279 1898 1848 1968; baseline -0.003 -14"><span class='ocrx_word' id='word_1_189' title='bbox 279 1929 326 1958; x_wconf 77' lang='grc' dir='ltr'><strong>οι.</strong></span> <span class='ocrx_word' id='word_1_190' title='bbox 369 1909 573 1958; x_wconf 87' lang='lat' dir='ltr'><strong>Pharus</strong></span> <span class='ocrx_word' id='word_1_191' title='bbox 609 1904 976 1963; x_wconf 82' lang='lat' dir='ltr'><strong>brasiliensis,</strong></span> <span class='ocrx_word' id='word_1_192' title='bbox 1016 1900 1198 1951; x_wconf 78' lang='lat' dir='ltr'><strong>Raddi</strong></span> <span class='ocrx_word' id='word_1_193' title='bbox 1228 1903 1453 1966; x_wconf 77' lang='lat' dir='ltr'><strong>Agrost.</strong></span> <span class='ocrx_word' id='word_1_194' title='bbox 1485 1898 1648 1950; x_wconf 84' lang='lat' dir='ltr'><strong>Bras.</strong></span> <span class='ocrx_word' id='word_1_195' title='bbox 1673 1919 1731 1968; x_wconf 89' lang='lat' dir='ltr'><strong>p.</strong></span> <span class='ocrx_word' id='word_1_196' title='bbox 1766 1916 1848 1950; x_wconf 84' lang='lat'><strong>21.</strong></span> 
     </span>
    </p>

    <p class='ocr_par' dir='ltr' id='par_1_11' title="bbox 195 1968 2028 2180">
     <span class='ocr_line' id='line_1_25' title="bbox 195 1968 2021 2042; baseline -0.006 -13"><span class='ocrx_word' id='word_1_197' title='bbox 195 1976 198 1978; x_wconf 15' lang='lat' dir='ltr'>v</span> <span class='ocrx_word' id='word_1_198' title='bbox 278 1979 404 2033; x_wconf 86' lang='lat' dir='ltr'><strong>Var.</strong></span> <span class='ocrx_word' id='word_1_199' title='bbox 443 1987 490 2030; x_wconf 80' lang='grc' dir='ltr'><strong>β.</strong></span> <span class='ocrx_word' id='word_1_200' title='bbox 528 1978 730 2026; x_wconf 84' lang='lat' dir='ltr'><strong>Pharus</strong></span> <span class='ocrx_word' id='word_1_201' title='bbox 768 1974 1098 2042; x_wconf 78' lang='lat' dir='ltr'><strong>pubescens,</strong></span> <span class='ocrx_word' id='word_1_202' title='bbox 1152 1969 1272 2039; x_wconf 81' lang='lat' dir='ltr'><strong>Spr.</strong></span> <span class='ocrx_word' id='word_1_203' title='bbox 1312 1968 1364 2020; x_wconf 77' lang='lat' dir='ltr'><strong>S.</strong></span> <span class='ocrx_word' id='word_1_204' title='bbox 1417 1970 1473 2019; x_wconf 90' lang='lat' dir='ltr'><strong>V.</strong></span> <span class='ocrx_word' id='word_1_205' title='bbox 1510 1968 1588 2018; x_wconf 86' lang='lat' dir='ltr'><strong>II.</strong></span> <span class='ocrx_word' id='word_1_206' title='bbox 1629 1989 1685 2037; x_wconf 92' lang='lat' dir='ltr'><strong>p.</strong></span> <span class='ocrx_word' id='word_1_207' title='bbox 1733 1978 1844 2030; x_wconf 74' lang='lat'><strong>¹¹4·</strong></span> <span class='ocrx_word' id='word_1_208' title='bbox 1882 1969 2021 2019; x_wconf 78' lang='lat' dir='ltr'><strong>excl.</strong></span> 
     </span>
     <span class='ocr_line' id='line_1_26' title="bbox 352 2035 2028 2115; baseline -0.004 -19"><span class='ocrx_word' id='word_1_209' title='bbox 352 2065 549 2115; x_wconf 71' lang='lat' dir='ltr'><strong>synon.</strong></span> <span class='ocrx_word' id='word_1_210' title='bbox 587 2044 687 2093; x_wconf 72' lang='lat' dir='ltr'><strong>Ph.</strong></span> <span class='ocrx_word' id='word_1_211' title='bbox 717 2044 903 2094; x_wconf 78' lang='lat' dir='ltr'><strong>scaber</strong></span> <span class='ocrx_word' id='word_1_212' title='bbox 931 2040 1000 2091; x_wconf 89' lang='lat' dir='ltr'><strong>H.</strong></span> <span class='ocrx_word' id='word_1_213' title='bbox 1028 2050 1077 2090; x_wconf 85' lang='lat' dir='ltr'><strong>et</strong></span> <span class='ocrx_word' id='word_1_214' title='bbox 1109 2038 1210 2106; x_wconf 51' lang='lat' dir='ltr'><strong>H„</strong></span> <span class='ocrx_word' id='word_1_215' title='bbox 1249 2040 1337 2090; x_wconf 82' lang='lat' dir='ltr'><strong>cai</strong></span> <span class='ocrx_word' id='word_1_216' title='bbox 1358 2035 1512 2108; x_wconf 83' lang='lat' dir='ltr'><strong>solia</strong></span> <span class='ocrx_word' id='word_1_217' title='bbox 1542 2057 1742 2107; x_wconf 72' lang='lat' dir='ltr'><strong>supra,</strong></span> <span class='ocrx_word' id='word_1_218' title='bbox 1779 2057 1879 2088; x_wconf 83' lang='lat' dir='ltr'><strong>nec</strong></span> <span class='ocrx_word' id='word_1_219' title='bbox 1903 2043 2028 2089; x_wconf 82' lang='lat' dir='ltr'><strong>sub-</strong></span> 
     </span>
     <span class='ocr_line' id='line_1_27' title="bbox 354 2114 1092 2180; baseline -0.009 -14"><span class='ocrx_word' id='word_1_220' title='bbox 354 2126 470 2180; x_wconf 73' lang='lat' dir='ltr'><strong>tus,</strong></span> <span class='ocrx_word' id='word_1_221' title='bbox 508 2115 700 2165; x_wconf 77' lang='lat' dir='ltr'><strong>scabra</strong></span> <span class='ocrx_word' id='word_1_222' title='bbox 733 2114 1092 2171; x_wconf 79' lang='lat' dir='ltr'><strong>tribuuntur.)</strong></span> 
     </span>
    </p>

    <p class='ocr_par' dir='ltr' id='par_1_12' title="bbox 144 2175 2080 2381">
     <span class='ocr_line' id='line_1_28' title="bbox 284 2175 2025 2246; baseline -0.005 -10"><span class='ocrx_word' id='word_1_223' title='bbox 284 2184 547 2236; x_wconf 80' lang='lat' dir='ltr'><strong>Habitat:</strong></span> <span class='ocrx_word' id='word_1_224' title='bbox 598 2191 716 2236; x_wconf 61' lang='grc' dir='ltr'><em>Γαῖ’.</em></span> <span class='ocrx_word' id='word_1_225' title='bbox 762 2205 810 2233; x_wconf 73' lang='grc' dir='ltr'><strong>α.</strong></span> <span class='ocrx_word' id='word_1_226' title='bbox 859 2184 912 2231; x_wconf 86' lang='lat' dir='ltr'><strong>in</strong></span> <span class='ocrx_word' id='word_1_227' title='bbox 941 2180 1190 2231; x_wconf 79' lang='lat' dir='ltr'><strong>saltubus</strong></span> <span class='ocrx_word' id='word_1_228' title='bbox 1223 2178 1478 2230; x_wconf 86' lang='lat' dir='ltr'><strong>montosis</strong></span> <span class='ocrx_word' id='word_1_229' title='bbox 1503 2195 1675 2246; x_wconf 80' lang='lat' dir='ltr'><strong>prope</strong></span> <span class='ocrx_word' id='word_1_230' title='bbox 1703 2175 1811 2226; x_wconf 81' lang='lat' dir='ltr'><strong>Rio</strong></span> <span class='ocrx_word' id='word_1_231' title='bbox 1843 2178 1909 2228; x_wconf 84' lang='lat' dir='ltr'><strong>de</strong></span> <span class='ocrx_word' id='word_1_232' title='bbox 1935 2177 2025 2228; x_wconf 87' lang='lat' dir='ltr'><strong>Ja-</strong></span> 
     </span>
     <span class='ocr_line' id='line_1_29' title="bbox 144 2246 2025 2320; baseline -0.006 -10"><span class='ocrx_word' id='word_1_233' title='bbox 144 2257 315 2310; x_wconf 83' lang='lat' dir='ltr'><strong>neriO.</strong></span> <span class='ocrx_word' id='word_1_234' title='bbox 354 2256 604 2320; x_wconf 78' lang='lat' dir='ltr'><strong>(Raddi.)</strong></span> <span class='ocrx_word' id='word_1_235' title='bbox 646 2282 715 2293; x_wconf 88' lang='lat'><strong>-·</strong></span> <span class='ocrx_word' id='word_1_236' title='bbox 765 2263 814 2307; x_wconf 78' lang='grc' dir='ltr'><strong>β.</strong></span> <span class='ocrx_word' id='word_1_237' title='bbox 854 2250 1206 2302; x_wconf 81' lang='lat' dir='ltr'><strong>brasilianam</strong></span> <span class='ocrx_word' id='word_1_238' title='bbox 1257 2250 1369 2300; x_wconf 78' lang='lat' dir='ltr'><strong>vicli</strong></span> <span class='ocrx_word' id='word_1_239' title='bbox 1411 2249 1553 2298; x_wconf 81' lang='lat' dir='ltr'><strong>inter</strong></span> <span class='ocrx_word' id='word_1_240' title='bbox 1587 2246 1815 2316; x_wconf 81' lang='lat' dir='ltr'><strong>plantas</strong></span> <span class='ocrx_word' id='word_1_241' title='bbox 1854 2247 2025 2299; x_wconf 84' lang='lat' dir='ltr'><strong>Sello-</strong></span> 
     </span>
     <span class='ocr_line' id='line_1_30' title="bbox 146 2322 2080 2381; baseline -0.008 -2"><span class='ocrx_word' id='word_1_242' title='bbox 146 2329 340 2381; x_wconf 68' lang='lat' dir='ltr'><strong>vicenas</strong></span> <span class='ocrx_word' id='word_1_243' title='bbox 375 2325 538 2376; x_wconf 79' lang='lat' dir='ltr'><strong>Herb.</strong></span> <span class='ocrx_word' id='word_1_244' title='bbox 587 2322 778 2375; x_wconf 69' lang='lat' dir='ltr'><strong>VVilld.</strong></span> <span class='ocrx_word' id='word_1_245' title='bbox 1072 2378 1078 2380; x_wconf 37' lang='grc'>,</span> <span class='ocrx_word' id='word_1_246' title='bbox 2077 2371 2080 2374; x_wconf 12' lang='grc' dir='ltr'><strong><em>Δ</em></strong></span> 
     </span>
    </p>

    <p class='ocr_par' dir='ltr' id='par_1_13' title="bbox 186 2387 2026 2469">
     <span class='ocr_line' id='line_1_31' title="bbox 186 2387 2026 2469; baseline -0.004 -20"><span class='ocrx_word' id='word_1_247' title='bbox 186 2454 189 2456; x_wconf 54' lang='grc'>,</span> <span class='ocrx_word' id='word_1_248' title='bbox 289 2398 572 2448; x_wconf 86' lang='lat' dir='ltr'><strong>Observ.</strong></span> <span class='ocrx_word' id='word_1_249' title='bbox 663 2392 849 2469; x_wconf 78' lang='lat' dir='ltr'><strong>Quoad</strong></span> <span class='ocrx_word' id='word_1_250' title='bbox 913 2390 1079 2442; x_wconf 87' lang='lat' dir='ltr'><strong>flores</strong></span> <span class='ocrx_word' id='word_1_251' title='bbox 1140 2387 1359 2440; x_wconf 89' lang='lat' dir='ltr'><strong>omnino</strong></span> <span class='ocrx_word' id='word_1_252' title='bbox 1418 2387 1640 2438; x_wconf 87' lang='lat' dir='ltr'><strong>Pharo</strong></span> <span class='ocrx_word' id='word_1_253' title='bbox 1689 2387 2026 2441; x_wconf 87' lang='lat' dir='ltr'><strong>latifolio</strong></span> 
     </span>
    </p>

    <p class='ocr_par' dir='ltr' id='par_1_14' title="bbox 149 2459 2028 2602">
     <span class='ocr_line' id='line_1_32' title="bbox 149 2459 2028 2530; baseline -0.004 -11"><span class='ocrx_word' id='word_1_254' title='bbox 149 2468 338 2521; x_wconf 87' lang='lat' dir='ltr'><strong>similis</strong></span> <span class='ocrx_word' id='word_1_255' title='bbox 369 2480 479 2526; x_wconf 86' lang='lat' dir='ltr'><strong>est,</strong></span> <span class='ocrx_word' id='word_1_256' title='bbox 532 2463 624 2516; x_wconf 83' lang='lat' dir='ltr'><strong>sed</strong></span> <span class='ocrx_word' id='word_1_257' title='bbox 654 2465 893 2530; x_wconf 86' lang='lat' dir='ltr'><strong>spiculae</strong></span> <span class='ocrx_word' id='word_1_258' title='bbox 937 2462 1100 2529; x_wconf 87' lang='lat' dir='ltr'><strong>duplo</strong></span> <span class='ocrx_word' id='word_1_259' title='bbox 1141 2460 1261 2510; x_wconf 87' lang='lat' dir='ltr'><strong>fere</strong></span> <span class='ocrx_word' id='word_1_260' title='bbox 1300 2470 1421 2509; x_wconf 84' lang='lat' dir='ltr'><strong>sunt</strong></span> <span class='ocrx_word' id='word_1_261' title='bbox 1465 2459 1720 2510; x_wconf 74' lang='lat' dir='ltr'><strong>minores·</strong></span> <span class='ocrx_word' id='word_1_262' title='bbox 1758 2484 1826 2495; x_wconf 94' lang='lat'>—</span> <span class='ocrx_word' id='word_1_263' title='bbox 1862 2461 2028 2511; x_wconf 81' lang='lat' dir='ltr'><strong>Rad-</strong></span> 
     </span>
     <span class='ocr_line' id='line_1_33' title="bbox 149 2523 1957 2602; baseline -0.011 -12"><span class='ocrx_word' id='word_1_264' title='bbox 149 2540 347 2591; x_wconf 82' lang='lat' dir='ltr'><strong>diana</strong></span> <span class='ocrx_word' id='word_1_265' title='bbox 383 2535 678 2602; x_wconf 86' lang='lat' dir='ltr'><strong>descriptio</strong></span> <span class='ocrx_word' id='word_1_266' title='bbox 721 2534 881 2583; x_wconf 85' lang='lat' dir='ltr'><strong>bona.</strong></span> <span class='ocrx_word' id='word_1_267' title='bbox 1953 2523 1957 2529; x_wconf 84' lang='grc'><em>’</em></span> 
     </span>
    </p>
   </div>
   <div class='ocr_carea' id='block_1_8' title="bbox 619 2673 1557 2716">
    <p class='ocr_par' dir='ltr' id='par_1_15' title="bbox 619 2673 1557 2716">
     <span class='ocr_line' id='line_1_34' title="bbox 619 2673 1557 2716; baseline -0.006 0"><span class='ocrx_word' id='word_1_268' title='bbox 619 2675 663 2716; x_wconf 77' lang='lat'><strong>6.</strong></span> <span class='ocrx_word' id='word_1_269' title='bbox 707 2676 1001 2716; x_wconf 83' lang='lat' dir='ltr'><strong>PHARUS</strong></span> <span class='ocrx_word' id='word_1_270' title='bbox 1044 2673 1557 2712; x_wconf 75' lang='lat' dir='ltr'><strong>MIGRANTHUS.</strong></span> 
     </span>
    </p>
   </div>
   <div class='ocr_carea' id='block_1_9' title="bbox 151 2757 2027 3585">
    <p class='ocr_par' dir='ltr' id='par_1_16' title="bbox 151 2757 2027 3042">
     <span class='ocr_line' id='line_1_35' title="bbox 289 2757 2027 2827; baseline -0.005 -8"><span class='ocrx_word' id='word_1_271' title='bbox 289 2769 389 2818; x_wconf 90' lang='lat' dir='ltr'><strong>Ph.</strong></span> <span class='ocrx_word' id='word_1_272' title='bbox 426 2766 574 2818; x_wconf 86' lang='lat' dir='ltr'><strong>foliis</strong></span> <span class='ocrx_word' id='word_1_273' title='bbox 621 2762 933 2814; x_wconf 86' lang='lat' dir='ltr'><strong>lanceolatis</strong></span> <span class='ocrx_word' id='word_1_274' title='bbox 979 2760 1229 2827; x_wconf 81' lang='lat' dir='ltr'><strong>utrinque</strong></span> <span class='ocrx_word' id='word_1_275' title='bbox 1271 2758 1584 2808; x_wconf 86' lang='lat' dir='ltr'><strong>acuminatis</strong></span> <span class='ocrx_word' id='word_1_276' title='bbox 1627 2775 1782 2826; x_wconf 87' lang='lat' dir='ltr'><strong>supra</strong></span> <span class='ocrx_word' id='word_1_277' title='bbox 1823 2757 2027 2826; x_wconf 85' lang='lat' dir='ltr'><strong>glabris</strong></span> 
     </span>
     <span class='ocr_line' id='line_1_36' title="bbox 153 2828 2024 2901; baseline -0.006 -13"><span class='ocrx_word' id='word_1_278' title='bbox 153 2838 338 2888; x_wconf 86' lang='lat' dir='ltr'><strong>subtus</strong></span> <span class='ocrx_word' id='word_1_279' title='bbox 377 2836 693 2888; x_wconf 88' lang='lat' dir='ltr'><strong>tenuissime</strong></span> <span class='ocrx_word' id='word_1_280' title='bbox 749 2831 1068 2901; x_wconf 87' lang='lat' dir='ltr'><strong>pubescenti</strong></span> <span class='ocrx_word' id='word_1_281' title='bbox 1094 2860 1112 2869; x_wconf 91' lang='lat'><em>-</em></span> <span class='ocrx_word' id='word_1_282' title='bbox 1141 2828 1330 2888; x_wconf 86' lang='lat' dir='ltr'><strong>hirtis,</strong></span> <span class='ocrx_word' id='word_1_283' title='bbox 1401 2828 1676 2893; x_wconf 88' lang='lat' dir='ltr'><strong>paniculae</strong></span> <span class='ocrx_word' id='word_1_284' title='bbox 1731 2830 1891 2878; x_wconf 76' lang='lat' dir='ltr'><strong>ramis</strong></span> <span class='ocrx_word' id='word_1_285' title='bbox 1930 2847 2024 2895; x_wconf 86' lang='lat' dir='ltr'><strong>pa-</strong></span> 
     </span>
     <span class='ocr_line' id='line_1_37' title="bbox 151 2896 2026 2974; baseline -0.004 -17"><span class='ocrx_word' id='word_1_286' title='bbox 151 2906 739 2974; x_wconf 83' lang='lat' dir='ltr'><strong>tenti-divergentibus</strong></span> <span class='ocrx_word' id='word_1_287' title='bbox 761 2942 774 2965; x_wconf 88' lang='lat'>‚</span> <span class='ocrx_word' id='word_1_288' title='bbox 837 2900 1070 2952; x_wconf 90' lang='lat' dir='ltr'><strong>corollae</strong></span> <span class='ocrx_word' id='word_1_289' title='bbox 1127 2899 1330 2951; x_wconf 75' lang='lat' dir='ltr'><strong>valvula</strong></span> <span class='ocrx_word' id='word_1_290' title='bbox 1388 2896 1651 2948; x_wconf 83' lang='lat' dir='ltr'><strong>inferiore</strong></span> <span class='ocrx_word' id='word_1_291' title='bbox 1692 2898 2026 2966; x_wconf 88' lang='lat' dir='ltr'><strong>pubescente</strong></span> 
     </span>
     <span class='ocr_line' id='line_1_38' title="bbox 152 2975 1987 3042; baseline -0.008 -16"><span class='ocrx_word' id='word_1_292' title='bbox 152 2981 329 3041; x_wconf 86' lang='lat' dir='ltr'><strong>calyce</strong></span> <span class='ocrx_word' id='word_1_293' title='bbox 374 2977 531 3042; x_wconf 91' lang='lat' dir='ltr'><strong>paulo</strong></span> <span class='ocrx_word' id='word_1_294' title='bbox 567 2975 830 3041; x_wconf 82' lang='lat' dir='ltr'><strong>longiore.</strong></span> <span class='ocrx_word' id='word_1_295' title='bbox 1981 2990 1987 2995; x_wconf 92' lang='lat'><strong>·</strong></span> 
     </span>
    </p>

    <p class='ocr_par' dir='ltr' id='par_1_17' title="bbox 289 3035 1144 3100">
     <span class='ocr_line' id='line_1_39' title="bbox 289 3035 1144 3100; baseline -0.008 -5"><span class='ocrx_word' id='word_1_296' title='bbox 289 3046 491 3095; x_wconf 85' lang='lat' dir='ltr'><strong>Pharus</strong></span> <span class='ocrx_word' id='word_1_297' title='bbox 529 3043 881 3100; x_wconf 85' lang='lat' dir='ltr'><strong>micranthus‚</strong></span> <span class='ocrx_word' id='word_1_298' title='bbox 921 3035 1144 3088; x_wconf 75' lang='lat' dir='ltr'><strong>Schrad.</strong></span> 
     </span>
    </p>

    <p class='ocr_par' dir='ltr' id='par_1_18' title="bbox 153 3102 2026 3245">
     <span class='ocr_line' id='line_1_40' title="bbox 292 3102 2026 3170; baseline -0.003 -9"><span class='ocrx_word' id='word_1_299' title='bbox 292 3111 517 3163; x_wconf 81' lang='lat' dir='ltr'><strong>Habitat</strong></span> <span class='ocrx_word' id='word_1_300' title='bbox 553 3113 623 3160; x_wconf 77' lang='lat' dir='ltr'><strong>acl</strong></span> <span class='ocrx_word' id='word_1_301' title='bbox 649 3112 791 3161; x_wconf 73' lang='lat' dir='ltr'><strong>viam</strong></span> <span class='ocrx_word' id='word_1_302' title='bbox 820 3107 1214 3158; x_wconf 79' lang='lat' dir='ltr'><strong>Felisbertiam.</strong></span> <span class='ocrx_word' id='word_1_303' title='bbox 1286 3102 1565 3170; x_wconf 74' lang='lat' dir='ltr'><strong>(Serem’ss.</strong></span> <span class='ocrx_word' id='word_1_304' title='bbox 1603 3103 1785 3158; x_wconf 79' lang='lat' dir='ltr'><strong>Princ.</strong></span> <span class='ocrx_word' id='word_1_305' title='bbox 1829 3105 2026 3157; x_wconf 80' lang='lat' dir='ltr'><strong>Maxi-</strong></span> 
     </span>
     <span class='ocr_line' id='line_1_41' title="bbox 153 3174 1538 3245; baseline -0.007 -11"><span class='ocrx_word' id='word_1_306' title='bbox 153 3180 408 3234; x_wconf 81' lang='lat' dir='ltr'><strong>milianus</strong></span> <span class='ocrx_word' id='word_1_307' title='bbox 449 3182 700 3245; x_wconf 66' lang='lat' dir='ltr'><strong>Neomd.)</strong></span> <span class='ocrx_word' id='word_1_308' title='bbox 737 3208 806 3216; x_wconf 81' lang='lat'><strong>——</strong></span> <span class='ocrx_word' id='word_1_309' title='bbox 847 3176 1031 3226; x_wconf 80' lang='lat' dir='ltr'><strong>Floret</strong></span> <span class='ocrx_word' id='word_1_310' title='bbox 1074 3174 1379 3227; x_wconf 81' lang='lat' dir='ltr'><strong>Decembri.</strong></span> <span class='ocrx_word' id='word_1_311' title='bbox 1459 3184 1538 3237; x_wconf 45' lang='grc' dir='ltr'><strong>λς..</strong></span> 
     </span>
    </p>

    <p class='ocr_par' dir='ltr' id='par_1_19' title="bbox 154 3245 2026 3585">
     <span class='ocr_line' id='line_1_42' title="bbox 298 3245 2024 3305; baseline -0.004 0"><span class='ocrx_word' id='word_1_312' title='bbox 298 3255 584 3305; x_wconf 85' lang='lat' dir='ltr'><strong>Observ.</strong></span> <span class='ocrx_word' id='word_1_313' title='bbox 655 3249 858 3300; x_wconf 79' lang='lat' dir='ltr'><strong>Differt</strong></span> <span class='ocrx_word' id='word_1_314' title='bbox 895 3267 922 3296; x_wconf 91' lang='lat' dir='ltr'><strong>a</strong></span> <span class='ocrx_word' id='word_1_315' title='bbox 956 3249 1179 3297; x_wconf 88' lang='lat' dir='ltr'><strong>Pharo</strong></span> <span class='ocrx_word' id='word_1_316' title='bbox 1215 3245 1672 3296; x_wconf 82' lang='lat' dir='ltr'><strong>brasiliensi:</strong></span> <span class='ocrx_word' id='word_1_317' title='bbox 1724 3247 1894 3298; x_wconf 90' lang='lat' dir='ltr'><strong>culmo</strong></span> <span class='ocrx_word' id='word_1_318' title='bbox 1927 3248 2024 3298; x_wconf 89' lang='lat' dir='ltr'><strong>hu-</strong></span> 
     </span>
     <span class='ocr_line' id='line_1_43' title="bbox 154 3316 2026 3390; baseline -0.004 -16"><span class='ocrx_word' id='word_1_319' title='bbox 154 3323 369 3374; x_wconf 90' lang='lat' dir='ltr'><strong>miliore</strong></span> <span class='ocrx_word' id='word_1_320' title='bbox 390 3323 783 3390; x_wconf 81' lang='lat' dir='ltr'><strong>gracilioreque</strong></span> <span class='ocrx_word' id='word_1_321' title='bbox 807 3337 822 3382; x_wconf 81' lang='lat'><em>3</em></span> <span class='ocrx_word' id='word_1_322' title='bbox 860 3317 1062 3383; x_wconf 85' lang='lat' dir='ltr'><strong>vaginis</strong></span> <span class='ocrx_word' id='word_1_323' title='bbox 1089 3318 1122 3367; x_wconf 85' lang='lat'><strong><em>5</em></strong></span> <span class='ocrx_word' id='word_1_324' title='bbox 1142 3344 1199 3353; x_wconf 89' lang='lat'><strong>-—</strong></span> <span class='ocrx_word' id='word_1_325' title='bbox 1220 3316 1250 3365; x_wconf 75' lang='grc' dir='ltr'>ὁ</span> <span class='ocrx_word' id='word_1_326' title='bbox 1269 3316 1654 3382; x_wconf 80' lang='lat' dir='ltr'><strong>-pollicaribus</strong></span> <span class='ocrx_word' id='word_1_327' title='bbox 1674 3353 1689 3377; x_wconf 87' lang='lat'>‚</span> <span class='ocrx_word' id='word_1_328' title='bbox 1727 3317 1878 3367; x_wconf 84' lang='lat' dir='ltr'><strong>foliis</strong></span> <span class='ocrx_word' id='word_1_329' title='bbox 1906 3316 2026 3368; x_wconf 87' lang='lat' dir='ltr'><strong>sub-</strong></span> 
     </span>
     <span class='ocr_line' id='line_1_44' title="bbox 155 3387 2025 3455; baseline -0.005 -12"><span class='ocrx_word' id='word_1_330' title='bbox 155 3405 239 3443; x_wconf 89' lang='lat' dir='ltr'><strong>tus</strong></span> <span class='ocrx_word' id='word_1_331' title='bbox 287 3391 664 3444; x_wconf 84' lang='lat' dir='ltr'><strong>scabriusculis</strong></span> <span class='ocrx_word' id='word_1_332' title='bbox 705 3407 804 3439; x_wconf 89' lang='lat' dir='ltr'><strong>nec</strong></span> <span class='ocrx_word' id='word_1_333' title='bbox 847 3387 1494 3455; x_wconf 85' lang='lat' dir='ltr'><strong>pubescenti-strigosis;</strong></span> <span class='ocrx_word' id='word_1_334' title='bbox 1545 3387 1823 3453; x_wconf 87' lang='lat' dir='ltr'><strong>paniculae</strong></span> <span class='ocrx_word' id='word_1_335' title='bbox 1864 3387 2025 3436; x_wconf 88' lang='lat' dir='ltr'><strong>ramis</strong></span> 
     </span>
     <span class='ocr_line' id='line_1_45' title="bbox 158 3455 2024 3531; baseline -0.003 -20"><span class='ocrx_word' id='word_1_336' title='bbox 158 3464 532 3531; x_wconf 84' lang='lat' dir='ltr'><strong>gracilioribus</strong></span> <span class='ocrx_word' id='word_1_337' title='bbox 584 3458 1292 3528; x_wconf 85' lang='lat' dir='ltr'><strong>patenti-divergentibus‚</strong></span> <span class='ocrx_word' id='word_1_338' title='bbox 1353 3472 1455 3506; x_wconf 87' lang='lat' dir='ltr'><strong>nec</strong></span> <span class='ocrx_word' id='word_1_339' title='bbox 1503 3456 1745 3522; x_wconf 87' lang='lat' dir='ltr'><strong>strictis;</strong></span> <span class='ocrx_word' id='word_1_340' title='bbox 1798 3455 2024 3525; x_wconf 85' lang='lat' dir='ltr'><strong>spiculis</strong></span> 
     </span>
     <span class='ocr_line' id='line_1_46' title="bbox 155 3526 1025 3585; baseline -0.007 -4"><span class='ocrx_word' id='word_1_341' title='bbox 155 3531 322 3585; x_wconf 88' lang='lat' dir='ltr'><strong>multo</strong></span> <span class='ocrx_word' id='word_1_342' title='bbox 364 3531 678 3584; x_wconf 87' lang='lat' dir='ltr'><strong>minoribus.</strong></span> <span class='ocrx_word' id='word_1_343' title='bbox 753 3531 788 3580; x_wconf 93' lang='lat' dir='ltr'>S</span> <span class='ocrx_word' id='word_1_344' title='bbox 803 3544 830 3578; x_wconf 92' lang='lat' dir='ltr'><strong>c</strong></span> <span class='ocrx_word' id='word_1_345' title='bbox 843 3526 880 3576; x_wconf 95' lang='lat' dir='ltr'><strong>h</strong></span> <span class='ocrx_word' id='word_1_346' title='bbox 895 3545 921 3577; x_wconf 91' lang='lat' dir='ltr'><strong>r</strong></span> <span class='ocrx_word' id='word_1_347' title='bbox 936 3544 963 3577; x_wconf 89' lang='lat' dir='ltr'><strong>a</strong></span> <span class='ocrx_word' id='word_1_348' title='bbox 976 3526 1025 3576; x_wconf 83' lang='lat' dir='ltr'><strong>d.</strong></span> 
     </span>
    </p>
   </div>
  </div>
 </body>
</html>
