2100 3882
157 125 257 176 576
328 121 681 171 GRAnmEAE.
755 115 1111 165 Ges-eamne
1163 129 1494 179 euopomcay
1526 131 1593 162 m·
1645 129 2006 163 oeconomum.

157 270 369 320 tandum
402 279 509 326 est,
549 274 762 330 praeter
799 260 883 318 id,
921 261 1063 329 quod
1108 261 1272 312 taleae
1317 261 1597 313 remotius„
1613 271 1913 311 sternantur
1951 262 2006 310 in
2098 317 2100 322 ¹

161 340 274 389 solo
305 338 550 392 humido,
600 331 821 397 propius
867 331 919 378 in
956 348 1179 381 arenoso
1208 332 1484 398 minusque
1514 330 1775 379 humecto.
1846 331 2006 397 Elap-
2069 343 2078 348 “

161 409 232 456 sis
277 418 498 475 quatuor
536 400 804 448 mensibus
859 401 1104 448 talearum
1169 401 1491 466 gemmulae,
1557 398 1762 460 (binae,
1823 409 2007 449 ternae

161 490 512 546 quaternam-e
539 470 592 517 in
619 467 845 534 singula)
894 469 946 516 in
980 485 1251 518 amoenum
1279 480 1480 535 pratum
1515 479 1827 535 exsurgunt,
1869 469 2010 534 quod

161 559 244 595 ter
275 556 524 611 quaterve
567 556 662 604 per
701 555 887 584 annum
925 555 1145 586 messem
1193 539 1442 604 praebet,
1498 537 1776 587 dummodo
1810 554 1835 583 a
1871 539 2010 586 ziza-

161 616 266 663 niis
295 613 577 678 diligenter
606 618 877 673 purgetur.
951 607 1348 656 stercoratione
1378 617 1432 656 et
1464 605 1668 655 assidua
1698 606 2010 671 irrigatione

165 700 265 749 per
298 682 549 748 plurimos
579 694 742 725 annos
776 676 1074 724 conservari
1103 687 1305 742 potest3
1345 675 1438 724 sed
1470 677 1688 741 segnior
1723 675 2015 723 incolarum

171 770 292 802 cura
331 761 451 816 post
495 746 766 796 biennium
807 744 908 809 jam
944 744 1116 794 labem
1160 761 1320 809 saepe
1367 743 1583 793 inducit.
1675 744 2015 794 Emendando

166 821 292 869 huic
336 819 570 869 culturae
614 813 798 881 generi
853 814 1109 863 sationem
1167 830 1375 881 quoque
1430 813 1877 870 commendamus,
1947 831 2015 863 ne

168 891 449 937 multorum
502 884 881 949 mancipiorum
929 900 1060 948 opus
1121 881 1414 948 plantandis
1467 883 1619 931 taleis
1667 893 2016 931 consumatur.

170 962 302 1007 Item
346 956 520 1025 quoad
549 951 852 1002 demetendi
882 953 1141 1001 rationem
1188 951 1369 1017 longas
1410 950 1606 1008 falces,
1650 953 1830 1019 quales
1879 963 2015 1011 sunt,

170 1027 361 1095 quibus
408 1027 461 1073 in
501 1028 715 1088 Europa
763 1021 987 1077 utimur,
1043 1018 1448 1069 introducendas
1493 1020 1843 1069 existimamus
1895 1021 2016 1070 loco

166 1095 516 1155 cultellorum,
562 1091 752 1161 quibus
784 1090 936 1155 pauci
972 1089 1122 1138 simul
1157 1089 1485 1138 solummodo
1515 1089 1673 1137 culmi
1706 1089 2020 1138 abscindun-

166 1178 253 1215 tur
285 1165 515 1231 satisque
549 1161 701 1210 multi
748 1177 848 1206 una
886 1175 1000 1207 cum
1048 1158 1313 1207 radicibus
1361 1158 1414 1205 in
1459 1158 1592 1222 prati
1643 1157 2035 1210 detrimentum*

170 1233 490 1283 evelluntur.
528 1258 596 1267 —
631 1231 905 1279 Caeterum
936 1237 1147 1294 praeter
1184 1227 1342 1285 illud,
1399 1226 1463 1275 de
1490 1245 1594 1294 quo
1631 1229 1866 1294 egimus,
1903 1230 2018 1276 Pa-

165 1303 387 1353 nicum
424 1298 914 1368 spectabitur-et
942 1297 1039 1344 alia
1068 1297 1315 1345 nonnulla
1345 1297 1704 1363 magnitudine
1728 1308 1780 1344 et
1800 1313 2017 1346 succosa

165 1388 419 1437 compage
453 1367 802 1419 commendari
842 1366 1073 1432 Possent,
1113 1383 1244 1432 quae
1275 1367 1327 1414 in
1363 1365 1867 1431 septentrionalibus
1895 1383 2018 1432 pro·

169 1442 387 1502 vinciis,
439 1439 722 1505 praecipue
771 1436 912 1499 juxta
950 1433 1164 1484 fluvium
1212 1438 1562 1496 Amazonum,
1628 1434 1892 1496 habitant3
1943 1436 2017 1484 ita

168 1522 224 1560 ut
263 1509 467 1558 illarum
508 1508 785 1572 regionum
838 1504 1044 1552 incolae
1107 1504 1246 1552 haud
1292 1506 1527 1571 exiguam
1568 1505 1771 1569 patriae
1800 1520 2020 1570 operam

168 1591 220 1629 et
255 1580 395 1627 bono
436 1578 550 1627 cive
600 1577 810 1642 dignam
860 1583 1221 1638 praestarent,
1272 1575 1393 1622 dum
1430 1574 1625 1622 semina
1674 1573 1870 1621 ibidem
1912 1572 2018 1623 col-

163 1649 299 1699 lecta
333 1664 429 1713 per
455 1647 587 1695 alios
616 1643 829 1709 imperii
857 1654 1083 1699 tractus,
1125 1655 1180 1693 ut
1212 1644 1547 1701 colerentur,
1601 1641 1949 1707 divulgarent.

302 1720 452 1765 Haec
492 1714 557 1765 de
604 1713 894 1782 graminum
937 1713 1134 1761 cultura
1177 1723 1229 1761 et
1271 1731 1368 1762 usu
1411 1711 1760 1762 oeconomico
1797 1710 2017 1762 dicenda

164 1787 454 1837 habuimus.
