2100 3882
128 154 233 208 364
408 155 763 204 Gummi-«mn.
834 153 1268 208 Ha'rienorocou.
1338 156 1723 207 Hrroenuun.

271 300 639 368 Andropogon
677 311 955 350 contortus
987 297 1146 363 Lin.,
1200 299 1320 372 Spr.
1358 298 1412 354 S.
1460 304 1513 354 V.
1545 303 1586 349 I.
1615 317 1671 367 p.
1703 303 1819 354 283.

265 387 491 438 Habitat
521 388 575 436 in
611 387 769 436 India
800 387 1066 440 orientali.

273 477 558 527 Observ.
641 475 723 525 Ad
773 477 971 527 hancce
1010 479 1281 544 speciem,
1337 479 1444 527 nisi
1489 477 1629 529 forte
1668 478 1731 527 ad
1774 493 1998 546 sequen-

133 557 241 596 tem
286 546 570 595 alteramve
604 563 816 599 novam.
859 548 1128 613 pertinent
1167 549 1456 614 specimina
1498 548 1673 627 (paulo
1703 548 1997 614 incomple-

130 616 294 672 tiora)
316 653 327 675 ‚
383 632 548 682 quae,
605 633 632 663 a
686 616 862 681 peiill.
936 618 1394 667 Humboldtio
1435 618 1580 678 data,
1639 618 1691 665 in
1725 616 1996 667 Herbario

131 686 579 736 Willdenowiano
617 686 943 751 repeiimus‚
999 705 1136 736 novo
1175 688 1728 754 Andropogonis
1767 703 1992 736 secun-

132 752 203 802 di
256 757 469 803 nomine
522 753 744 818 adjecto.
832 759 978 804 Haec
1030 768 1202 804 autem
1263 775 1379 806 cum
1453 758 1637 807 And1
1651 757 1994 823 opogonis

130 822 430 874 Allionii
467 827 534 873 H.
569 836 620 873 et
653 825 714 873 R.
733 861 745 884 ‚
787 842 880 875 seu
905 826 1475 892 Heteiopogonls
1515 825 1746 894 glabr
1732 845 1749 873 1
1787 828 1996 886 Pers.,

129 893 312 941 nulla
300 913 355 941 in
391 894 496 944 isto
524 894 790 944 Helhario
822 907 1104 943 occuirant
1151 897 1474 961 specimina,
1530 908 1711 962 typum
1750 895 2009 944 lubenter

131 963 493 1012 existimaiem
533 964 735 1029 speciei
775 964 868 1012 sul)
912 965 1016 1012 isto
1047 967 1262 1013 nomine
1289 966 1343 1013 in
1375 983 1541 1032 opoie
1576 965 1996 1014 Humboldtiano

129 1032 452 1099 descriptae
521 1035 935 1100 Distinguuntur
965 1035 1093 1083 haec
1127 1053 1153 1083 a
1183 1035 1408 1103 reliquis
1449 1035 1621 1101 gluma
1656 1034 1930 1083 mascula
1916 1053 1997 1082 ln·

127 1101 333 1152 feriole
363 1102 577 1169 oblique
609 1115 796 1152 ovato·
812 1104 1137 1160 acuminata,
1193 1105 1342 1170 apice
1388 1105 1530 1152 circa
1575 1105 1838 1169 margines
1869 1104 1998 1153 setis

129 1188 160 1221 e
191 1172 479 1222 tuberculis
518 1184 691 1222 ortum
726 1173 1036 1221 ducentibus
1056 1173 1286 1239 hispidis
1321 1185 1531 1222 armata.
1569 1203 1638 1211 —
1672 1174 1826 1223 Folia
1855 1173 2000 1239 glau-

128 1244 423 1304 efficentia,
463 1253 697 1309 angusta.
774 1243 1010 1308 Vaginae
1041 1254 1093 1291 et
1129 1244 1286 1291 culmi
1317 1244 1417 1293 toti
1440 1243 1628 1310 glabri.
1697 1243 1887 1309 Spicae
1916 1261 2000 1292 so·

126 1311 336 1362 litariae
371 1313 425 1361 in
456 1312 768 1378 pedunculis
806 1313 1069 1380 elongatis
1099 1314 1326 1381 geminis
1363 1311 1747 1362 terminalibus.

266 1421 363 1468 He
383 1430 576 1485 terop
598 1436 765 1486 ogon
803 1420 1294 1486 polystachyus
1337 1423 1400 1473 †:
1441 1420 1605 1487 spicis
1627 1418 1883 1468 solitariis
1907 1436 2000 1485 pe-

129 1487 425 1538 dunculatis
462 1490 763 1538 axillaribus
802 1489 1132 1549 numerosis,
1175 1491 1396 1555 spiculis
1426 1490 1670 1539 masculis
1704 1490 1855 1555 apice
1885 1490 2001 1537 bar-

129 1555 268 1608 batis
293 1595 305 1620 ,
347 1559 521 1608 culmo
554 1577 765 1610 ramoso
795 1560 981 1609 stricto
1000 1596 1012 1620 ‚
1053 1559 1197 1609 foliis
1229 1560 1609 1610 ensisormibus
1638 1559 1755 1608 basi
1785 1559 1999 1609 ciliatis.

267 1665 632 1732 Andropogon
670 1665 1040 1733 polystachyus
1066 1704 1079 1727 ‚
1119 1665 1299 1716 Rosci).
1330 1663 1481 1715 Flor.
1514 1665 1632 1714 Ind.
1659 1682 1737 1715 or.
1771 1664 1851 1715 ed.
1875 1663 1999 1715 Car.

336 1743 385 1785 et
420 1733 591 1786 PVall.
629 1734 674 1785 I.
710 1754 767 1804 ρ.
807 1739 925 1788 255.
964 1735 1170 1788 Sclnzlt.
1204 1734 1394 1786 IVIant.
1436 1738 1512 1785 II.
1532 1754 1586 1803 ρ.
1615 1734 1735 1798 460.

265 1840 491 1893 Habitat
519 1842 571 1892 in
597 1842 755 1892 India
782 1841 1051 1892 orientali.

265 1951 362 2002 Ob
381 1968 551 2002 serv.
626 1950 983 2000 Conferantur
1010 1951 1076 2000 ad
1102 1950 1259 2012 hunc,
1300 1967 1433 2020 quae
1459 1967 1617 2018 supra
1645 1949 1709 2000 ad
1740 1952 1809 2001 H.
1847 1966 1998 2001 con·

125 2031 324 2072 tortu
341 2039 390 2068 m
428 2021 482 2069 in
516 2022 821 2085 ‘synonymis
861 2020 1242 2070 adnotavimus.

262 2113 764 2176 Heteropogon
802 2109 1126 2165 villosus,
1166 2111 1231 2157 N.
1275 2108 1337 2157 ab
1382 2111 1481 2157 E.:
1537 2106 1703 2174 spicis
1746 2106 1998 2157 termina-

127 2176 268 2228 libus
302 2180 617 2246 geminatis,
671 2179 976 2229 axillaribus
1017 2179 1306 2240 solitariis,
1364 2177 1555 2247 glumis
1591 2177 1816 2244 integris
1851 2177 2001 2229 foliis

123 2249 436 2318 vaginisque
474 2248 697 2298 xillosis.

266 2335 542 2385 Isalntat
525 2357 577 2386 in
612 2336 870 2393 Eraszfflia

264 2425 426 2477 Modo
455 2426 533 2476 lal
537 2429 650 2495 gius
686 2428 856 2478 desei
846 2439 1004 2495 iptus.

266 2518 582 2594 Heterop
605 2534 776 2582 ogon
814 2528 922 2566 ten
943 2516 1121 2565 ellus
1165 2516 1223 2565 'l‘z
1266 2515 1428 2580 spicis
1456 2514 1768 2580 geminatis,
1807 2515 1996 2583 glumis

132 2585 494 2634 exteriolibus
532 2587 871 2646 tridentatis‚
921 2586 1069 2635 soliis
1117 2586 1354 2652 angustis
1393 2584 1698 2649 subpilosis.

271 2673 636 2747 Ancltopogon
672 2675 928 2734 tenellus,
998 2672 1175 2723 Roxb.
1213 2671 1301 2721 Fl.
1355 2670 1477 2721 [nd.
1527 2689 1605 2720 or.
1659 2671 1737 2721 ed.
1786 2668 1998 2720 Carne!

350 2740 521 2792 llall.
553 2746 598 2794 I.
623 2763 677 2810 p.
717 2747 833 2810 259.
874 2741 1080 2796 Schult.
1118 2740 1307 2792 Illam.
1341 2739 1418 2790 II.
1447 2759 1505 2808 p.
1537 2741 1656 2802 460.

273 2825 542 2880 Habitat
524 2851 575 2881 cn
619 2831 775 2881 India
801 2831 1067 2882 orientali.

676 2979 1463 3034 XXX5‘1.HYPOGYN1UM.†

305 3093 522 3151 Char.
569 3109 852 3152 essent.
955 3095 1237 3175 Spiculae
1278 3092 1631 3184 monoicae,
1677 3091 2005 3161 triandrae,

136 3173 400 3232 muticae
436 3196 633 3231 mares
675 3197 812 3232 cum
857 3176 1174 3233 foemineis
1213 3175 1467 3242 mixtae,
1529 3172 1592 3228 in
1621 3172 1830 3231 rhachi
1861 3173 2007 3231 arti-

135 3255 371 3324 culata,
428 3256 796 3333 geminatae,
858 3257 1158 3314 foeminea
1194 3254 1450 3324 sessilis,
1521 3254 1788 3311 mascula
1835 3253 2008 3333 pedi-

141 3335 391 3405 cellata,
468 3351 763 3429 utraque
787 3338 1040 3408 hissoni,
1126 3335 1381 3396 flosculo
1452 3335 1729 3392 inferiori
1790 3349 2005 3392 neutro

141 3417 432 3486 univalvi,
503 3406 804 3498 superiori
857 3418 1097 3477 hivalvi.
1160 3456 1239 3464 ——
1296 3416 1778 3474 Inssorescentia·
1834 3415 2005 3496 spica

139 3499 533 3577 paniculato-
510 3515 890 3580 composita
904 3542 922 3573 ,
970 3500 1152 3561 ramis
1182 3497 1462 3559 furcatim
1504 3497 1731 3557 divisis
