2100 3882
421 996 1561 1129 Praefatio,

63 1439 159 1543 Si
212 1481 347 1550 his,
409 1500 560 1558 quae
622 1479 696 1538 ab
753 1478 948 1536 amico
1003 1498 1138 1534 meo
1193 1475 1597 1534 illustrissimo
1659 1470 1722 1531 in
1765 1470 1924 1530 libro

67 1599 340 1680 exposita
383 1585 552 1667 sunt,
612 1619 647 1655 a
686 1618 779 1655 me
821 1588 1111 1653 nonnulla
1156 1593 1483 1663 adduntur,
1530 1593 1592 1650 id
1636 1613 1758 1650 non
1802 1588 1924 1646 alio

66 1716 327 1776 consilio
384 1717 510 1773 fieri
563 1730 796 1795 potest,
856 1715 976 1773 nisi
1028 1728 1093 1770 ut
1150 1712 1475 1792 explicem,
1533 1730 1686 1790 quae
1746 1727 1922 1766 causa

66 1836 175 1904 sit,
249 1854 434 1912 quare
491 1834 592 1892 hic
665 1833 814 1892 alter
871 1847 1067 1890 tomus
1129 1830 1366 1910 operiS,
1412 1828 1579 1909 quod
1622 1814 1927 1886 communi

65 1953 393 2009 amicorum
416 1951 616 2008 studio
636 1949 1067 2030 perficiendum
1085 1949 1479 2029 suscepimus,
1507 1962 1643 2005 ante
1659 1945 1923 2026 priorem

54 2069 415 2150 publicetur.
501 2070 657 2148 Aget
692 2084 889 2127 autem
924 2067 1025 2125 hic
1065 2067 1238 2147 prior
1281 2067 1354 2124 de
1397 2065 1623 2146 plantis
1669 2075 1917 2142 crypto-

28 2176 41 2187 ³
67 2186 346 2264 gamicis,
403 2188 464 2244 in
524 2186 741 2266 quibus
798 2185 1153 2264 indagandis
1197 2199 1257 2243 et
1300 2185 1375 2242 ad
1418 2203 1638 2264 genera
1682 2200 1790 2237 sua
1833 2196 1926 2233 re-

62 2305 349 2363 vocandis
391 2306 519 2383 ejus
563 2319 843 2363 auctores
888 2304 951 2360 in
993 2318 1087 2361 tot
1129 2301 1515 2361 difficultates
1560 2299 1921 2362 inciderunt,

60 2437 124 2478 ut
163 2421 378 2478 mirum
431 2420 620 2476 videri
676 2442 799 2477 non
858 2421 1103 2488 debeat,
1170 2420 1326 2489 si,in
1368 2419 1462 2476 via
1499 2418 1681 2476 tantis
1719 2435 1920 2472 rerum

59 2538 347 2615 angustiis
380 2537 782 2616 circumsepta
822 2536 1019 2593 minus
1065 2534 1340 2594 celeriter
1379 2534 1663 2614 progredi
1702 2548 1916 2613 potue-

58 2656 195 2711 rint.
282 2654 474 2734 Spero
531 2669 732 2711 tamen
797 2654 955 2722 fore,
1010 2667 1075 2710 ut
1129 2673 1253 2710 non
1311 2653 1498 2710 multo
1560 2667 1702 2732 post
1754 2651 1911 2707 hunc

63 2772 313 2828 alterum
375 2784 645 2850 tempore
700 2769 867 2848 prior
916 2769 1018 2825 ille
1062 2783 1261 2828 tomus
1304 2770 1365 2825 in
1408 2769 1602 2828 lucem
1645 2771 1723 2828 sit
1767 2791 1911 2848 pro-

60 2888 306 2945 diturus.
402 2890 471 2944 In
529 2908 603 2945 eo
667 2888 824 2944 inter
885 2886 1000 2943 alia
1064 2887 1138 2943 de
1209 2887 1466 2945 consilio
1525 2886 1905 2954 tractabitur,

59 3004 221 3083 quod
265 3005 327 3060 in
363 3004 484 3062 hoc
529 3025 710 3084 opere
756 3002 1131 3061 conficiendo
1176 2992 1417 3083 sequuti
1461 3025 1679 3062 sumus.

212 3122 352 3178 Non
390 3141 588 3178 meum
628 3135 828 3178 autem
870 3134 988 3189 est,
1049 3120 1252 3176 multis
1303 3120 1500 3178 verbis
1555 3122 1762 3179 laudes
1808 3143 1904 3180 ce-

55 3237 320 3307 lebrare,
367 3257 516 3316 quas
546 3238 773 3295 amicus
808 3251 1017 3294 noster
1056 3237 1115 3293 in
1161 3236 1494 3314 graminum
1535 3239 1680 3307 hac,
1729 3261 1906 3317 quam

52 3352 455 3433 publicamus,
514 3354 922 3433 descriptione
977 3354 1211 3412 meruit.
1317 3357 1446 3413 Nec
1501 3376 1652 3434 opus
1706 3356 1904 3434 ipsum

40 3490 355 3548 ,praecone
382 3470 607 3551 indiget
620 3493 833 3553 ‚lunus
880 3472 1134 3552 quisque
1177 3472 1336 3529 enim
1378 3473 1706 3531 Botanicae
1744 3475 1903 3552 peri-
