2100 3882
166 133 269 187 546
479 128 829 178 GRAM1NEAE.
901 120 1263 172 Oesmxva‘rxo
1304 133 1710 169 GnoGnAPch.

174 296 304 348 prae
359 278 535 327 calore
590 271 860 322 straminis
909 271 1077 319 instar
1129 280 1451 329 exuruntur3
1503 286 1638 337 quae
1677 281 1851 319 tamen
1891 270 2047 329 sicci-

176 363 259 400 tas
306 346 449 396 haud
502 345 663 409 longo
713 353 956 407 tempore
1012 339 1197 397 durat,
1246 338 1349 404 jam
1399 340 1517 404 ipso
1558 340 1809 388 Januario
1859 356 2045 388 mense

176 418 374 488 pluviis
426 412 838 480 ingruentibus,
903 409 1027 458 dein
1084 409 1293 474 saepius
1343 408 1624 473 repetitiS,
1681 427 1786 476 quo
1837 407 2047 478 fitu¹¹t

180 506 304 540 mox
341 485 547 534 radices
584 481 907 530 reviviscant
941 478 1176 546 novique
1212 478 1371 527 culmi
1408 477 1645 545 foliaque
1690 479 2011 545 germinent.
2043 537 2046 542 ¹

320 558 466 605 Haec
507 551 838 617 potissimum
876 560 1058 605 erant,
1100 565 1233 615 quae
1274 548 1338 596 de
1376 547 1715 612 vegetatione
1753 548 2050 615 graminum

181 638 331 679 extra
382 622 670 688 Tropicum
727 618 952 668 dicenda
1001 618 1296 667 habuimus.
1395 618 1543 691 Quae
1606 619 1842 684 gramina
1905 618 2048 666 illam

181 694 540 750 constituant,
611 707 810 750 annexa
864 688 1039 736 tabula
1095 686 1328 736 exhibet.
1414 686 1471 736 ld
1524 704 1684 734 unum
1750 686 2047 736 addendum

181 767 426 822 videtur,
485 761 582 810 hos
625 755 753 825 prae
793 759 909 807 aliis
948 758 1096 806 locos
1136 756 1389 822 plurimas
1425 757 1700 821 recepisse
1739 758 1948 822 species
1987 773 2053 806 ex

180 839 401 899 Europa
440 832 712 890 invectas,
751 829 827 876 uti
867 828 1024 876 etiam
1062 825 1229 875 omnis
1265 824 1476 874 habitus
1515 826 1658 874 illius
1697 826 2050 892 vegetationis

184 906 248 956 ad
306 916 626 967 europaeam
673 898 912 956 accedit,
986 908 1038 945 et
1069 895 1289 943 *herbae
1344 912 1451 944 non
1506 912 1702 960 paucae
1752 912 2050 962 europaeae

182 975 501 1041 sylvestrem
539 969 740 1017 ibidem
775 979 1012 1016 naturam
1052 964 1355 1013 induerunt.
1806 988 1813 992 -

323 1045 409 1091 111.
473 1042 604 1089 Gra
631 1041 803 1086 mina
844 1034 1176 1087 Oreades.
1252 1032 1592 1090 Graminum,
1648 1052 1783 1102 quae
1820 1033 1922 1082 hoc
1960 1051 2052 1085 no-

184 1114 327 1164 mine
379 1108 737 1175 appellamus,
789 1107 942 1172 regio
984 1106 1038 1152 in
1072 1102 1248 1161 omni,
1301 1103 1379 1151 uti
1418 1102 1660 1161 videtur,
1718 1104 1934 1154 Brasilia
1973 1115 2054 1152 est

187 1181 477 1239 altissima,
546 1179 612 1226 iis
668 1177 1002 1243 potissimum
1068 1174 1327 1221 montium
1385 1173 1643 1222 tractibus
1708 1173 2052 1231 conformata,

188 1253 280 1321 qui
319 1253 456 1299 intra
494 1247 886 1312 provinciarum
927 1245 979 1292 S.
1018 1243 1169 1291 Pauli
1207 1254 1258 1290 et
1295 1243 1557 1290 Minarum
1595 1243 1829 1302 limites,
1869 1244 2054 1292 vastis-

189 1325 324 1373 simo
389 1319 617 1377 ambitu,
708 1332 763 1363 21
840 1325 998 1380 atque
1077 1315 1134 1362 15
1201 1312 1499 1360 latitudinis
1567 1312 1809 1361 australis
1887 1313 2054 1378 gradu

187 1405 243 1443 et
302 1388 609 1439 meridianis
671 1404 696 1433 a
748 1383 969 1432 Parisiis
1027 1382 1317 1430 numeratis
1396 1381 1613 1430 circulis
1685 1394 1784 1446 490
1845 1384 2054 1450 450que

189 1464 547 1512 continentur.
589 1456 788 1512 Latius,
826 1452 1147 1510 utividetur‚
1179 1470 1332 1519 quam
1352 1452 1472 1501 heic
1498 1451 1896 1516 descripsimus,
1937 1469 2056 1500 ver-

189 1550 276 1583 sus
315 1529 660 1581 Occidentem
701 1526 754 1571 in
795 1525 1126 1587 Goyazanam
1166 1521 1495 1587 provinciam
1517 1521 1669 1587 regio
1703 1521 2055 1583 diffunditur3

192 1619 354 1670 quum
391 1616 521 1647 vero
560 1596 623 1644 de
661 1594 875 1643 illorum
929 1594 1165 1641 locorum
1220 1592 1544 1658 graminibus
1590 1592 1666 1638 nil
1721 1592 2060 1640 observatum

187 1672 508 1724 habeamus,
567 1683 678 1713 eam
719 1661 1047 1712 solummodo
1085 1661 1321 1727 plagam,
1379 1678 1513 1727 quae
1564 1660 1844 1710 altitudine
1900 1679 2060 1727 supra

190 1741 465 1792 Oceanum
505 1736 622 1783 aliis
663 1733 954 1799 praecellit,
995 1732 1369 1797 graminum
1408 1731 1743 1780 Oreadum
1784 1749 1823 1778 S.
1863 1732 2058 1780 monti-

188 1810 423 1861 colarum
463 1804 723 1853 limitibus
761 1801 1131 1852 circumscribi
1152 1800 1315 1849 satius
1344 1801 1594 1849 duximus.
1638 1801 1891 1866 Princeps
1929 1818 2058 1850 vero

189 1882 409 1948 jugum,
475 1888 528 1923 et
577 1874 722 1941 quod
777 1873 926 1939 quasi
984 1888 1011 1918 e
1064 1882 1250 1919 centro
1307 1870 1513 1936 reliqua
1570 1871 1801 1926 emittat,
1860 1870 2061 1919 schisto

190 1961 474 2017 quartzoso
513 1941 1012 2020 (Quartzschiefer),
1059 1939 1295 1989 aurifero
1332 1951 1597 1997 constans,
1637 1941 1777 1989 inter
1811 1943 2059 1989 Austrum

193 2031 248 2069 et
289 2017 722 2081 Septentrionem
762 2012 1026 2066 decurrit,
1078 2010 1266 2058 tractui
1322 2007 1587 2057 maritimo
1638 2026 1797 2076 saepe
1837 2010 2063 2074 paralle-

188 2090 329 2144 lum,
383 2085 463 2133 vel
504 2101 532 2131 e
570 2082 838 2130 Libouoto
876 2081 943 2128 ad
983 2079 1432 2146 Euroaquilonem
1473 2095 1717 2146 vergens.
1793 2080 1952 2127 Serra
1991 2078 2061 2127 da

189 2152 573 2220 F-Zanfiqueira
612 2151 765 2215 hujus
801 2150 911 2216 jugi
950 2166 1070 2215 pars
1109 2160 1357 2204 vocatur,
1412 2149 1628 2197 nomine
1679 2149 1803 2197 inde
1854 2151 1906 2197 in
1945 2150 2062 2198 uni-

190 2243 401 2279 versum
442 2221 727 2288 applicito;
785 2217 945 2267 Serra
998 2218 1065 2265 do
1115 2215 1422 2282 Esplnhaco
1464 2219 1789 2268 amicissimo
1828 2219 1943 2269 viro
1996 2219 2062 2269 de

196 2309 508 2348 EscawEGE
559 2290 719 2354 audit.
794 2290 931 2338 Huic
986 2288 1246 2336 accedunt
1295 2288 1427 2336 rami
1466 2289 1675 2353 plures,
1731 2306 1915 2338 versus
1966 2287 2065 2337 ssu-

195 2385 316 2417 men
373 2360 426 2411 S.
480 2356 756 2408 Francisci
820 2358 882 2406 ad
944 2357 1333 2417 Occidentem,
1398 2374 1583 2406 versus
1640 2361 2068 2425 Megapotamum

201 2435 335 2500 (Rio
387 2431 628 2482 Grande]
688 2429 829 2477 inter
881 2430 1129 2477 Austrum
1182 2438 1234 2476 et
1293 2427 1647 2477 Occidentem
1685 2427 1935 2478 declives.
2012 2433 2070 2478 In

199 2513 503 2556 monteset
544 2499 823 2549 altitudine
871 2509 924 2546 et
975 2497 1145 2545 forma
1196 2497 1517 2563 conspicuos
1565 2500 1760 2563 passim
1816 2498 2070 2559 excurrit,

205 2595 254 2626 e.
295 2593 345 2642 g.
386 2568 546 2619 Serra
584 2569 648 2617 de
683 2565 922 2624 stambe',
963 2569 1100 2632 5590
1132 2567 1297 2632 pedes
1326 2585 1433 2632 par.
1459 2603 1476 2626 ,,
1511 2568 1672 2615 Serra
1710 2567 1780 2614 dc!
1820 2565 2069 2630 Piedade,

202 2649 332 2696 5121
380 2644 529 2708 ped,
593 2642 751 2687 Serra
790 2636 856 2683 do
900 2633 1241 2697 Ilacolmni‘,
1289 2637 1425 2688 5368
1481 2637 1602 2701 ped.
1655 2637 1766 2689 alti.
1859 2639 2070 2686 Summa

201 2717 335 2765 haec
379 2710 648 2759 cacumina
691 2707 929 2774 gramine
980 2705 1326 2773 praesertim,
1385 2706 1705 2756 intermixtis
1756 2707 2070 2775 quibusdam

205 2784 323 2832 aliis
362 2775 936 2843 monocotyledonibus
976 2787 1114 2825 tecta
1153 2787 1310 2838 sunt3
1366 2775 1455 2824 ubi
1512 2793 1638 2826 vero
1686 2777 1740 2824 in
1781 2777 1952 2826 minus
1992 2794 2073 2825 as-

204 2870 335 2920 pera
374 2848 695 2905 descendas,
748 2847 801 2894 in
840 2856 988 2911 parte
1028 2845 1277 2894 orientali
1316 2845 1482 2910 sylvas
1519 2862 1639 2894 cum
1675 2847 1874 2912 campis
1912 2847 2072 2895 alter-

205 2939 366 2980 nare,
422 2921 477 2966 in
529 2916 850 2966 occidentali
890 2931 1101 2981 campos
1140 2916 1436 2963 vastissima
1472 2916 1625 2981 plaga
1665 2931 1952 2964 excurrere
1991 2917 2072 2964 in-

201 2991 405 3040 venies.
499 2987 711 3044 Solum,
768 2984 935 3035 avidis
986 2984 1403 3050 aurilegulorum
1456 2985 1695 3033 manibus
1745 2985 2065 3050 perfossum,

202 3057 532 3110 versicolore
586 3058 777 3105 Florae
833 3053 1017 3103 sobole
1067 3054 1207 3102 inter
1259 3053 1495 3120 gramina
1533 3052 1861 3103 abundanter
1897 3056 2067 3104 varie-

204 3141 412 3196 gatum,
464 3142 601 3174 nunc
637 3124 924 3173 herbarum
976 3123 1309 3172 solummodo
1359 3122 1536 3181 ferax,
1593 3139 1734 3171 nunc
1787 3124 1840 3171 in
1892 3125 2067 3174 varios

202 3199 427 3250 frutices
468 3194 618 3242 simul
661 3194 981 3251 exuberans,
1021 3210 1127 3260 quo
1165 3193 1354 3247 altius,
1394 3208 1458 3240 eo
1497 3193 1550 3240 in
1592 3186 1892 3258 gign'cndos
1930 3209 2069 3242 cam·

204 3286 305 3336 pos
342 3265 564 3334 pronius
603 3263 848 3323 videtur-3
890 3279 1042 3328 quam
1080 3261 1147 3309 ob
1188 3278 1394 3309 causam
1434 3272 1487 3309 et
1526 3261 1699 3324 sylvae
1738 3261 2065 3329 aborigines,

207 3349 262 3388 et
299 3354 413 3394 eae,
445 3337 597 3400 quae,
638 3333 811 3379 minus
834 3332 983 3387 altae,
1025 3327 1229 3395 Capdes
1266 3329 1457 3378 incolis
1495 3330 1731 3392 audiunt,
1768 3348 1866 3397 per
1886 3332 2063 3391 valles,

204 3423 339 3477 quae
373 3401 594 3454 alternis
633 3400 774 3449 inter
805 3399 927 3466 juga
964 3398 1170 3449 vicibus
1207 3410 1522 3459 recuriunt,
1562 3399 1718 3450 latius
1755 3398 2063 3449 diffundun-

204 3489 304 3528 tm·-
375 3477 454 3525 lta
490 3472 546 3522 in
582 3470 896 3540 provinciae
935 3469 988 3519 S.
1033 3469 1186 3521 Pauli
1241 3479 1390 3536 parte
1445 3469 1964 3522 boreali-orientali
2011 3479 2066 3520 et
