2100 3882
350 100 697 150 Gnamuaass.
771 97 1122 151 Onsssnva‘mo
1177 99 1604 149 Guoenarch.
1792 96 1894 149 539

42 248 389 314 vegetationis
419 246 718 313 gramineae
755 262 853 309 per
888 247 1165 296 Brasiliam
1204 245 1483 305 varietate,
1524 261 1624 310 qua
1655 241 1896 291 diversae

41 328 296 367 tractuum
327 316 787 382 graminiferorum
815 326 988 379 partes
1014 316 1408 382 distinguuntur
1427 349 1440 374 ,
1480 312 1748 379 variisque
1779 326 1900 376 spen

43 397 301 434 ctatorem
336 386 506 433 modis
535 381 794 431 afficiunt.

182 453 488 518 Propriam,
557 468 707 516 quam
750 451 1002 507 dicimus,
1051 450 1516 518 Physiognomiam
1555 447 1774 512 alicujus
1812 463 1899 494 re·

42 524 215 589 gionis
243 521 362 570 illae
389 521 679 586 graminum
712 519 920 584 species
948 517 1212 578 efficiunt,
1254 537 1385 586 quae
1419 519 1620 585 patriae
1654 515 1899 565 terminis

41 591 431 657 angustioribus
472 587 975 638 circumscribuntur
1020 606 1058 636 s.
1093 590 1506 638 extensione
1547 586 1771 655 gaudent
1807 583 1902 631 mi-

43 679 139 708 nus
185 661 379 724 ampla,
452 670 507 706 ut
559 658 687 706 dicit
737 658 801 706 cl.
858 672 1101 706 senouw.
1189 659 1374 706 Solent
1420 657 1542 705 illae
1586 656 1899 723 plerumque

39 730 396 777 characterem
443 743 568 791 prae
605 742 671 774 se
717 726 863 775 serre
912 742 1275 786 communem,
1330 744 1433 793 quo
1479 743 1596 775 sese
1635 723 1898 791 genuinos

40 798 152 860 ejus
199 808 392 845 tractus
435 796 634 844 incolas
688 795 931 861 prob-ant.
1019 794 1168 843 Aliae
1210 807 1393 844 contra
1445 796 1736 861 graminum
1778 808 1898 858 spe-

39 867 181 928 cies,
238 876 290 914 et
331 882 424 913 eae
473 864 686 931 quidem
728 865 1088 930 potissimum,
1141 881 1272 931 quae
1306 881 1403 928 per
1435 864 1784 928 amplissimas
1812 878 1899 909 re·

43 937 230 1001 giones
272 945 392 982 sunt
435 933 686 988 diffusae,
743 934 912 981 minus
951 932 1238 998 peculiaris
1285 933 1486 982 formae
1520 934 1777 982 rationem
1815 946 1898 978 se-

39 1014 284 1071 quuntur.
361 1002 625 1054 Videntur
673 1001 771 1051 hae
824 1001 1014 1051 eximia
1067 1000 1312 1051 facultate
1367 1019 1482 1051 sese
1532 1000 1895 1050 diversissimo

41 1074 240 1121 climati
275 1070 707 1121 accommodandi
742 1071 1012 1138 praeditae
1035 1107 1048 1130 ‚
1108 1071 1367 1137 simulque
1403 1071 1541 1132 notis
1588 1069 1900 1137 quibusdam

39 1142 188 1209 quasi
228 1142 422 1205 topicis
467 1158 583 1190 esse
624 1142 941 1199 destitutae,
994 1147 1126 1207 quae
1166 1141 1220 1188 in
1263 1139 1441 1188 radice
1493 1140 1894 1204 culmorumque

39 1211 400 1276 magnitudine
441 1222 494 1259 et
528 1209 944 1268 ramificatione,
995 1225 1093 1257 nec
1135 1227 1242 1257 non
1281 1207 1708 1267 inflorescentia‚
1759 1208 1896 1255 inte-

39 1292 510 1347 gumentorumque
534 1293 732 1335 natura,
773 1296 829 1327 ac
856 1278 1038 1328 colore
1066 1278 1224 1327 facile
1258 1289 1668 1344 cognoscuntur.
1743 1278 1893 1324 Haec

40 1349 364 1397 Gramina
413 1366 576 1413 vaga
627 1349 1032 1413 appellaverim,
1085 1364 1375 1414 eorumque
1417 1364 1692 1395 numerum
1743 1343 1894 1395 valde

40 1418 384 1483 conspicuum
419 1419 699 1467 observatu
733 1418 946 1484 dignum
995 1416 1432 1474 existimaverim,
1489 1416 1774 1480 praecipue
1808 1431 1894 1476 eo,

37 1485 185 1554 quod'
222 1487 351 1535 aliae
394 1504 422 1535 e
463 1487 998 1551 Monocotyledonum
1043 1486 1213 1544 serie,
1278 1503 1321 1534 e.
1356 1502 1404 1551 g.
1490 1485 1728 1542 Palmae,
1790 1484 1893 1532 hoc

36 1568 191 1621 pacto
234 1555 380 1622 quasi
421 1570 539 1604 sunt
582 1574 608 1604 e
655 1557 876 1622 regione
930 1555 1252 1621 graminibus
1317 1555 1628 1620 oppositae,
1693 1554 1893 1620 quippe

12 1622 202 1691 quae,
255 1625 437 1691 paucis
477 1625 739 1691 exceptis,
796 1624 1180 1690 angustissimis
1213 1624 1469 1672 limitibus
1509 1624 1897 1673 contineantur.

37 1695 242 1742 Talium
288 1695 578 1761 graminum
622 1711 718 1759 per
749 1694 1095 1742 vastissimam
1139 1693 1394 1742 Brasiliae
1429 1693 1630 1760 plagam
1671 1691 1896 1741 diffuso-

34 1781 148 1811 rum
190 1781 436 1811 numerus
484 1763 619 1811 haud
657 1764 876 1829 exiguus
920 1774 1031 1823 est3
1088 1779 1376 1830 eorumque
1417 1762 1621 1830 aliquae
1657 1779 1757 1810 nec
1790 1764 1894 1810 Ae-

32 1843 252 1899 quatore
274 1849 371 1880 nec
391 1834 623 1898 'l'ropico
651 1828 965 1897 'Capricorni
994 1831 1274 1890 coercitae,
1315 1831 1411 1880 hos
1442 1832 1700 1881 terminos
1723 1842 1888 1879 trans-

34 1902 348 1968 grediuntur
386 1913 438 1950 et
467 1902 519 1949 in
548 1901 742 1949 ultimis
763 1918 946 1950 versus
971 1903 1220 1949 Austrum
1242 1900 1586 1966 regionibus,
1627 1901 1679 1948 in
1710 1902 1762 1949 S.
1793 1902 1895 1955 Ple-

35 1970 108 2018 tri
154 1971 424 2036 provincia
468 1981 519 2019 et
553 1972 616 2019 ad
655 1975 892 2018 Montem
933 1971 1159 2021 Videum
1200 1969 1464 2029 habitant,
1519 1971 1659 2019 unde
1699 1988 1786 2018 eas
1834 1969 1896 2018 ad

36 2057 133 2087 nos
179 2040 370 2088 detulit
411 2039 475 2088 cl.
526 2057 785 2099 surnow,
841 2038 1140 2088 indefessus
1186 2039 1596 2106 peregrinator,
1648 2041 1737 2106 qui
1768 2043 1896 2086 Bra-

35 2108 202 2156 siliam
237 2109 301 2157 ad
338 2107 469 2157 fines
509 2109 760 2159 australes
802 2125 968 2175 usque
1006 2109 1362 2173 perlustravit.
1436 2110 1584 2157 Aliae
1621 2121 1673 2157 et
1704 2110 1756 2156 in
1790 2110 1892 2157 Co·-

31 2177 257 2238 lumbia‚
298 2178 351 2225 in
374 2179 615 2236 Peruvia‚
654 2178 705 2227 in
739 2177 1002 2226 antillanis
1032 2177 1237 2233 insulis,
1268 2178 1427 2226 immo
1456 2178 1508 2226 in
1531 2179 1760 2243 imperio
1781 2181 1894 2225 Me-

36 2247 225 2295 xicano
267 2247 329 2295 ab
376 2248 499 2295 clar.
556 2248 620 2294 de
670 2265 1005 2304 uuatssonn'r,
1070 2263 1400 2308 nonenim),
1470 2264 1685 2296 swanwz
1746 2247 1894 2296 aliis-

40 2333 142 2382 que
196 2316 434 2366 detcctae
501 2327 646 2373 sunt,
728 2317 800 2364 uti
864 2316 1200 2381 Paspalus
1276 2315 1714 2383 conjugatus,
1787 2334 1893 2366 no-

39 2395 250 2442 tatus,
306 2385 717 2451 plicatulus,
758 2385 1232 2452 paniculatus,
1273 2384 1714 2433 Trichachne
1764 2402 1896 2434 sac-

38 2453 813 2514 chariflora‚*Panicum
868 2453 1369 2511 trichanthum,
1420 2454 1886 2514 horizontale‚

37 2524 569 2580 tenuiculmum,
625 2523 1088 2589 glutinosum,
1142 2523 1556 2589 Eragrostis
1596 2524 1887 2572 ciliaris

34 2593 132 2642 rel.
205 2592 473 2667 Quaedam
508 2593 665 2641 etiam
706 2593 757 2640 in
801 2591 1100 2643 Americam
1138 2604 1477 2658 temperatam
1523 2593 1889 2658 egrediuntur,

37 2662 131 2710 uti*
170 2663 502 2725 Paspalus
558 2662 879 2725 supinu5‚
935 2661 1329 2720 arenarius,
1386 2661 1647 2726 Trachy
1674 2679 1889 2727 pogon

39 2731 432 2795 stipoide53
483 2732 735 2797 quaedam
788 2731 901 2779 orbi
946 2731 1114 2779 veteri
1149 2748 1316 2798 aeque
1366 2747 1424 2779 ac
1473 2749 1610 2779 novo
1659 2749 1894 2779 commu-

37 2818 131 2849 nes
177 2811 422 2863 repertae
484 2811 633 2858 sunt,
713 2801 786 2848 uti
849 2801 1179 2864 Paspsalus
1241 2801 1609 2866 vaginatus
1665 2811 1715 2848 et
1763 2801 1894 2848 Mi-

39 2869 364 2918 crochloa
417 2880 695 2918 setaeea
717 2906 728 2928 ‚
794 2869 949 2918 Asiae
998 2871 1283 2935 Novaeque
1347 2869 1661 2917 Hollandiae
1731 2870 1889 2931 cives,

35 2939 290 2987 Panica
345 2949 447 2985 tam
504 2937 718 2990 affine
782 2956 935 3005 quam
992 2940 1379 2998 maximum,
1445 2938 1627 2985 insulis
1685 2941 1886 2987 Masca-

38 3007 218 3055 renhis
252 3007 653 3074 continentique
697 3008 905 3056 Africae
956 3007 1335 3073 Amet-icaeque
1378 3008 1708 3068 communia3
1765 3011 1890 3058 Eu-

43 3088 136 3126 sta
155 3076 276 3139 chy
296 3095 317 3124 s
345 3095 375 3142 p
394 3087 533 3125 etra
553 3095 623 3124 ea
646 3113 657 3135 ,
698 3077 1060 3126 Promontorii
1089 3078 1258 3126 bonae
1284 3077 1398 3142 spei
1420 3097 1522 3128 non
1556 3076 1722 3126 minus
1741 3097 1893 3144 quarn

39 3146 294 3194 Brasiliae
317 3181 331 3204 ,
384 3145 620 3194 Chlori
641 3164 661 3193 s
703 3146 861 3194 barb
882 3157 986 3194 ata
1009 3183 1020 3204 ‚
1078 3147 1256 3195 indiae
1298 3147 1574 3199 orientalis
1615 3151 1889 3198 continen-

41 3214 109 3263 tis
163 3210 380 3280 ejusque
429 3215 770 3281 Archipelagi
795 3253 806 3275 ,
872 3219 1136 3280 Eragro
1161 3217 1297 3265 stis
1345 3219 1727 3276 mexicana‚
1778 3222 1891 3267 Mc·

44 3283 179 3340 xici,
242 3283 528 3343 'Bra—iliae,
581 3287 758 3333 Novae
809 3285 1123 3335 Hollandiae
1166 3287 1428 3353 Javaeque
1450 3324 1463 3346 ,
1521 3287 1646 3335 Cha
1668 3288 1892 3339 etaria

45 3352 482 3399 canturiensis
534 3354 817 3401 insularum
867 3354 1216 3403 occidentalis
1269 3356 1479 3404 Africae
1510 3355 1893 3422 Brasiliaequc,

45 3420 303 3487 denique,
360 3431 416 3468 ut
456 3419 663 3483 finiam,
719 3423 1042 3474 Panicum
1091 3425 1257 3476 Crus
1299 3425 1512 3483 Galli,
1550 3424 1890 3476 Triticum
