2100 3882
444 117 795 167 GRAMOEEAE.
867 115 1203 165 CimosmwS.
1273 116 1514 165 Bnonws,
1798 120 1901 171 467

197 265 689 323 Inssorescentia:
746 263 1026 341 panicula
1081 263 1473 344 subsimplex,
1533 264 1890 342 glomerato-

37 346 392 426 thyrsoidea
416 346 508 402 vel
536 343 952 423 spicaesormis
974 384 991 411 ,
1052 343 1115 400 in
1150 345 1285 401 aliis
1317 346 1609 415 secunda,
1677 366 1890 425 squar-

36 448 195 486 rosa.
241 463 318 472 —
358 426 569 503 Ligula
597 423 1086 491 membranacea,
1133 442 1382 483 exserta.

449 579 489 617 l·
538 578 975 615 CYNOSURUS
1020 578 1475 618 ECHINATUS.

172 667 227 717 C.
265 665 504 732 panicula
531 664 831 729 thyrsoidea
880 662 1109 713 secunda
1151 676 1326 724 ovata,
1380 665 1614 716 bracteis
1659 668 1891 732 pinnatis

37 735 283 784 scariosis
328 733 651 802 spiculisque
693 733 990 801 aggregatis
1032 728 1239 782 bissoris
1280 735 1538 799 aristatis,
1590 737 1736 788 foliis
1779 739 1889 788 lan-

36 804 238 854 ceolato
256 833 275 842 -
288 803 593 852 linearibus.

169 893 468 956 Cynosurus
492 890 762 939 echinatus
781 924 795 948 ‚
831 885 901 939 L.
930 885 1119 938 Wlld.
1146 885 1331 955 Sp.pl.
1351 888 1396 940 I.
1418 908 1471 956 p.
1504 899 1622 952 4¹2·
1660 889 1886 950 Solu-ad.

248 955 333 1008 Fl.
364 957 539 1010 Germ.
575 958 620 1008 I.
644 977 700 1025 p.
735 958 851 1009 316.
892 962 1036 1022 (cum
1061 975 1254 1025 synon.
1285 967 1334 1007 et
1357 959 1523 1012 deser.
1551 965 1684 1026 opt.)
1713 963 1886 1018 Mert.

235 1036 284 1076 et
319 1025 486 1078 Roclz.
532 1025 614 1076 Fl.
649 1027 710 1076 G.
751 1026 795 1077 l.
828 1046 883 1094 p.
916 1027 1034 1078 032.
1071 1025 1233 1076 Link.
1264 1026 1332 1078 H.
1360 1027 1546 1079 Berol.
1577 1028 1624 1078 l.
1645 1050 1701 1098 ρ.
1741 1052 1851 1101 ¹99·

172 1115 465 1180 Chrysurus
503 1116 772 1165 echinatus
792 1152 804 1175 ‚
846 1112 964 1162 Pal.
994 1114 1059 1162 de
1078 1112 1288 1164 Βεαιιυ.
1326 1113 1394 1165 R.
1423 1125 1474 1165 et
1501 1115 1620 1167 Sclz.
1647 1117 1697 1167 S.
1739 1125 1789 1171 V.
1812 1121 1888 1172 II,

236 1203 293 1250 ρ.
330 1186 449 1235 806.
488 1183 676 1233 ῘἈαηί.
706 1182 784 1232 II.
807 1203 862 1251 ρ.
888 1193 1006 1245 442.

175 1274 388 1321 Icones:
427 1270 589 1340 Engl.
621 1269 742 1321 Bot.
774 1281 811 1321 t.
845 1272 987 1323 1333.
1027 1269 1179 1321 Host.
1216 1268 1401 1326 Gram.
1428 1274 1505 1323 II.
1537 1292 1592 1341 p.
1617 1278 1698 1342 67.
1734 1286 1770 1327 t.
1806 1282 1888 1347 95.

239 1337 525 1391 Sclzeizclzz.
558 1342 881 1405 Agroslogr.
905 1360 960 1409 p.
993 1342 1079 1391 80.
1109 1349 1147 1391 t„
1181 1358 1226 1390 2.
1250 1339 1312 1409 J.
1346 1344 1394 1394 8.
1434 1340 1500 1391 B.
1540 1342 1616 1393 D.

172 1426 393 1477 Habitat
427 1429 498 1478 ad
533 1427 749 1478 Monte-
768 1428 938 1480 Video,
983 1433 1060 1491 Θ.
1118 1428 1357 1495 (Sellow.
1394 1459 1460 1469 —
1507 1431 1624 1482 Vidi
1646 1432 1698 1481 in
1726 1431 1890 1487 Herb.

36 1494 171 1564 Reg.
209 1496 420 1562 Rerol.)

700 1644 888 1688 XLVII.
958 1646 1226 1690 BROMUS.

237 1754 365 1807 Lin.
419 1774 521 1805 rec,
574 1755 739 1823 Rasp.
793 1754 1005 1824 Classis]
1066 1757 1119 1807 in
1171 1759 1319 1808 Anu.
1365 1759 1456 1810 des
1510 1780 1583 1813 sc.
1634 1774 1763 1818 nat.
1790 1765 1892 1819 IV.

235 1845 289 1892 ρ.
323 1830 437 1877 250.
477 1825 584 1874 tab.
631 1831 680 1877 V.
712 1845 767 1893 ρ.
795 1827 913 1886 438.

167 1917 421 1973 Bromus‚
462 1912 623 1962 Palis.
649 1914 712 1963 de
735 1912 922 1963 Βεαιιυ
956 1915 1177 1977 Agrost.
1206 1933 1260 1981 ρ.
1302 1918 1385 1969 86.
1420 1917 1526 1966 tab.
1556 1918 1819 1991 XVII.f.
1843 1943 1893 1991 q.

244 1995 297 2033 et
337 1985 710 2034 Schedonorus
750 1981 866 2032 Pal.
914 1984 978 2032 de
1018 1982 1223 2033 Βεαιιυ.
1268 1984 1302 2033 l.
1342 2005 1384 2034 c.
1418 2006 1473 2053 ρ.
1509 2007 1592 2055 ot).
1637 1999 1674 2041 t.
1720 1991 1893 2047 XIX.

233 2048 288 2119 s.
341 2070 387 2101 2.
438 2052 506 2101 R.
556 2062 604 2101 et
655 2051 773 2101 Sclz.
816 2056 867 2102 S.
920 2053 978 2103 V.
1027 2055 1103 2101 II.
1136 2072 1191 2120 ρ.
1232 2064 1317 2114 42.
1357 2055 1543 2107 Mam.
1588 2062 1664 2110 II.
1700 2081 1754 2125 p.
1809 2081 1890 2114 20.

253 2120 400 2170 Trin.
435 2120 605 2171 Fund.
637 2125 858 2190 Agr-ost.
891 2141 947 2189 p.
989 2132 1095 2176 150.
1131 2136 1183 2172 et
1205 2126 1551 2177 Ceratochloa
1589 2127 1678 2178 De
1707 2130 1893 2193 Cand„

245 2187 364 2239 Pal.
393 2191 456 2240 de
472 2189 680 2241 Beauv.
703 2191 736 2241 l.
767 2210 811 2241 C.
832 2211 888 2259 ρ.
913 2195 995 2257 75.
1023 2201 1060 2241 t.
1087 2191 1215 2240 XV.
1238 2190 1295 2259 j.
1329 2214 1377 2259 7.
1413 2193 1561 2247 Tria.
1592 2196 1710 2266 ὅρι’.
1731 2200 1893 2252 Ι,,ιίιΙῑ.

174 2278 462 2339 Festucae‚
501 2280 686 2329 Bromi
720 2298 830 2345 sp.‚
869 2277 1000 2330 Lin.
1028 2278 1164 2328 Juss.
1202 2279 1274 2328 al.

204 2385 453 2464 Spicula
512 2387 837 2444 multiflora
904 2384 1201 2465 (flosculis
1265 2388 1538 2468 5—15.)
1643 2395 1896 2455 Glumae

43 2465 227 2534 duae,
274 2468 802 2537 membranaceae,
870 2468 1247 2547 inaequales,
1290 2471 1581 2543 muticae,
1626 2475 1898 2535 flosculis

43 2544 383 2617 breviores,
450 2549 706 2606 inferior
748 2549 852 2605 uni
881 2584 902 2594 -
945 2552 1406 2628 septemnerviS,
1468 2558 1744 2633 superior
1790 2561 1899 2616 tri-

38 2627 538 2687 undecimnervis.
642 2630 907 2687 Flosculi
963 2631 1192 2690 valvula
1253 2633 1506 2690 inferior
1557 2637 1667 2694 sub
1720 2641 1895 2718 apice

0 2707 341 2764 *interdum
389 2709 652 2770 breviter
696 2711 1009 2769 bidentato
1072 2713 1331 2790 setigera
1399 2715 1490 2773 vel
1546 2716 1782 2797 integra
1836 2739 1895 2781 et

0 2793 1 2798 ’
39 2789 290 2859 mutica,
359 2793 555 2851 nervis
595 2807 827 2871 septem
867 2794 1167 2872 primariis
1221 2809 1488 2866 exarata,
1560 2798 1895 2882 interjectis

38 2868 274 2948 apicem
321 2892 525 2930 versus
577 2874 710 2931 aliis
758 2874 935 2931 basin
972 2895 1177 2932 versus
1217 2880 1711 2940 evanescentibus
1727 2906 1745 2958 3
1794 2906 1894 2942 su-

34 2950 237 3027 perior
279 2953 733 3033 conduplicata,
797 2955 968 3034 apice
1017 2956 1247 3033 integra
1293 2957 1384 3016 vel
1433 2958 1633 3019 bifida.
1718 2966 1903 3023 Lodi-

43 3029 212 3086 culae
238 3033 762 3104 membranaceae,
815 3035 1556 3110 lanceolato-subulatae,
1603 3044 1898 3107 obovatae

40 3107 164 3187 (vel
208 3112 571 3191 truncatae.)
670 3119 965 3194 Stigmata
1003 3119 1546 3196 aspergilliformia.
1634 3127 1898 3185 Germen

43 3190 216 3268 apice
254 3192 622 3269 pubescens,
697 3199 760 3255 in
815 3199 1121 3256 nonnullis
1185 3199 1762 3283 (Ceratochloa)
1805 3210 1894 3266 lo-

35 3267 342 3329 bato-bi-
385 3274 478 3330 vel
516 3277 937 3349 tridentatum,
994 3281 1166 3360 stylis
1211 3281 1368 3339 infra
1408 3284 1643 3363 apicem
1693 3291 1892 3346 antice

38 3349 312 3490 insertis.l
352 3354 709 3492 l⁶(133aryopsis
753 3359 1043 3441 oblonga,
1090 3361 1357 3421 valvulac
1406 3368 1704 3445 superiori
1746 3391 1889 3426 con-

36 3445 176 3490 nata
221 3455 288 3494 vc
377 3457 396 3490 1
443 3456 559 3494 era.

1183 3522 1309 3584 30*
