2100 3882
552 163 900 216 GRAmNEAE.
972 162 1395 213 PAppopnomm.
1807 160 1907 213 411

190 315 255 364 In
282 311 437 363 Ῑηᾱία
465 308 780 360 occidentali
807 309 1069 366 occurrit,
1119 310 1258 360 unde
1284 310 1331 359 b.
1366 308 1609 376 Fliiggeo
1639 305 1734 354 sub
1764 303 1909 366 Ραρ-

43 381 284 454 ρορῆονο
330 379 734 446 alopecuroideo
787 379 999 427 missum
1043 388 1134 427 est.
1218 379 1283 429 In
1333 377 1528 428 Monte
1581 375 1732 429 Video
1776 373 1906 443 legit

49 450 267 505 Sellcw.
339 450 492 516 (Vidi
529 449 582 498 in
623 446 787 497 Herb.
828 447 964 512 Reg.
1006 446 1221 510 Berol.)

180 540 422 593 Adnot.
493 535 766 587 Confinem
803 536 1116 603 adponimus
1156 535 1422 601 speciem:

182 624 706 694 Pappophorum
769 623 1418 688 alopecuroideum,
1479 620 1673 674 Vahl:
1736 618 1907 670 culmo

50 715 295 757 ramoso,
353 695 497 745 foliis
549 693 1180 742 attenuato-acuminatis
1231 693 1413 741 subtus
1457 692 1763 758 vaginisque
1801 688 1910 756 gla-

49 766 193 828 bri5‚
231 765 470 832 panicula
504 763 802 828 subspicata
842 763 1085 829 elongata
1131 777 1356 824 cernua,
1414 761 1632 830 spiculis
1669 757 1909 818 trissori's,

49 836 242 906 glumis
288 832 595 882 lanceolatis
632 832 961 881 acuminatis.

186 919 440 983 Schrad.,
481 917 686 968 Schult.
723 917 912 969 Mant.
950 920 1027 968 II.
1060 936 1115 985 p.
1153 917 1273 980 342.

186 1006 413 1061 Habitat
444 1007 516 1057 αιῑ,
541 1005 976 1058 Promontorium
1002 1006 1170 1056 honae
1197 1004 1326 1074 spei.

292 1188 337 1230 2·
377 1194 937 1232 PAPPOPHORUM
978 1191 1672 1233 MACROSTACHYUM.

187 1307 251 1356 P.
281 1304 453 1355 culmo
488 1306 746 1371 simplici,
794 1307 943 1357 foliis
989 1303 1597 1369 attenuato-cuspidatis
1626 1302 1739 1351 basi
1773 1300 1918 1368 vagi-

52 1377 243 1444 nisque
275 1375 803 1441 adpresso-pilosis,
857 1376 1100 1442 panicula
1131 1385 1393 1424 coarctata
1442 1373 1752 1440 longissima
1796 1370 1920 1421 sub-

57 1456 307 1504 limante,
347 1445 567 1509 spiculis
600 1444 856 1507 trifloris,
897 1447 1088 1513 glumis
1125 1444 1433 1495 lanceolatis
1476 1442 1802 1492 acuminatis.

191 1550 604 1669 Pappgphorum
631 1552 1102 1617 macrostachyum,
1133 1548 1376 1614 Solu-ad„
1402 1547 1608 1600 Schult.
1628 1546 1816 1598 Dffctnt.
1843 1543 1920 1596 Il.

258 1639 320 1688 p.
385 1629 472 1680 42.

193 1734 245 1781 β.
281 1727 450 1776 culmo
496 1727 778 1787 breviore,
833 1729 1081 1794 panicula
1121 1728 1429 1797 angustiore
1474 1722 1764 1796 pauciflora
1807 1740 1925 1774 ere-

57 1809 156 1859 cta,
189 1797 382 1866 glumis
419 1809 474 1847 ut
505 1797 559 1845 in
592 1799 968 1863 praecedente.

194 1900 420 1951 Habitat
459 1920 575 1952 var.
604 1923 650 1951 α.
689 1903 741 1952 in
770 1901 956 1951 Barra
996 1902 1065 1950 da
1115 1898 1369 1952 Voreda?
1419 1899 1696 1965 (Sereniss‘
1738 1896 1921 1949 Ptine.

57 1968 342 2022 Maximil.
385 1970 586 2027 lsVied.)
635 2005 706 2014 --
757 1982 804 2026 β.
844 1973 898 2025 in
941 1971 1143 2023 Monte
1190 1972 1369 2023 Video.
1412 1970 1655 2036 (Sellow.
1691 2000 1762 2009 -—·
1808 1968 1926 2022 Vidi

57 2041 112 2093 in
139 2040 306 2095 Herb.
331 2040 469 2109 Reg.
509 2040 717 2103 Berol.)

201 2149 660 2217 Pappophoro
699 2147 1120 2217 laguroideo
1159 2148 1478 2213 proximum,
1519 2145 1927 2196 differttamen:

63 2218 243 2270 culmo
272 2220 460 2268 altiore
501 2222 688 2276 (li—5
708 2219 946 2285 -pedali)
966 2255 978 2278 ‚
1019 2219 1318 2279 crassiore3
1358 2217 1560 2283 vaginis
1594 2226 1647 2265 et
1675 2215 1931 2264 foliorum

61 2288 180 2339 basi
221 2288 342 2354 pilis
388 2287 754 2353 subadpressis
799 2299 969 2347 tecta3
1020 2287 1180 2354 ligula
1220 2304 1247 2335 e
1283 2287 1424 2335 serie
1458 2288 1687 2351 pilorum
1721 2284 1930 2349 longio-

63 2375 216 2421 rum3
256 2357 497 2423 panicula
539 2358 784 2423 longiore
817 2357 1222 2422 crassiorisqueg,
1277 2356 1492 2421 spiculis
1522 2371 1733 2418 semper
1759 2350 1929 2402 triflo-

66 2427 186 2476 ris.¹
233 2428 396 2477 Color
441 2427 697 2495 graminis
738 2426 972 2476 recentis
1016 2425 1206 2492 procul
1267 2424 1427 2475 dubio
1475 2422 1925 2495 glauco-viridis.

65 2495 336 2548 Schrad.

202 2602 480 2653 Observ.
529 2601 812 2668 Specimen
844 2600 1112 2651 varietatis
1141 2607 1208 2658 β.,
1249 2598 1392 2666 quod
1420 2599 1714 2657 citavimuS,
1753 2599 1930 2665 quoad

64 2672 369 2739 vaginarum
400 2672 821 2738 integumentum
852 2671 973 2719 huic
997 2707 1008 2729 ,
1050 2670 1223 2736 quoad
1261 2668 1712 2717 inflorescentiam
1752 2667 1930 2734 primo

66 2740 341 2806 descripto
383 2742 616 2799 accedit,
668 2752 724 2790 ut
762 2741 955 2789 merito
994 2740 1233 2798 dubites,
1283 2756 1479 2787 numne
1525 2737 1929 2804 Pappopho-

70 2828 213 2861 rum
249 2811 855 2874 macrostachyum
909 2821 1064 2876 atque
1114 2812 1171 2857 P.
1220 2808 1707 2874 laguroideum
1746 2806 1929 2857 eadem

71 2881 180 2929 sint
218 2880 453 2946 species,
510 2899 616 2929 non
659 2881 758 2928 nisi
801 2881 1167 2945 integumento
1215 2896 1313 2943 pro
1363 2878 1464 2926 situ
1512 2877 1742 2945 locoque
1784 2875 1930 2925 ablu-

75 2949 225 2999 dens.
296 2949 471 2998 Etiam
511 2951 563 2997 in
601 2952 659 2997 P.
697 2949 1096 3015 laguroidei
1136 2948 1428 3013 specimine
1465 2948 1696 3013 spiculae
1724 2947 1932 3012 plerae-

76 3035 178 3084 que
225 3016 462 3066 trissorae
501 3018 930 3076 inveniebantur,
972 3028 1025 3065 et
1050 3018 1290 3084 panicula
1318 3016 1545 3082 amplior
1563 3017 1746 3065 saltem
1775 3031 1930 3082 quam

76 3086 168 3135 illa
207 3088 478 3136 varietatis
518 3096 563 3140 β.
600 3091 664 3137 Ρ.
703 3088 1237 3151 macrostachyi,
1290 3103 1464 3153 neque
1503 3086 1632 3153 pili,
1683 3103 1739 3134 os
1782 3085 1932 3152 vagi-

73 3172 170 3203 nae
206 3158 529 3218 munientes,
569 3158 622 3205 in
650 3156 740 3205 illa
775 3157 1043 3222 longiores
1077 3175 1230 3225 quam
1276 3156 1328 3204 in
1367 3158 1493 3214 ista,
1548 3155 1710 3204 culmi
1754 3166 1930 3204 autem

75 3224 293 3273 altitudo
332 3225 473 3273 illius
501 3228 552 3273 in
585 3240 766 3276 nostro
797 3227 1089 3291 specimine
1128 3227 1359 3275 medium
1390 3237 1539 3274 tenet
1570 3225 1710 3273 inter
1734 3235 1932 3272 utram-

75 3310 197 3361 que.
269 3293 327 3341 Si
359 3311 456 3359 qua
493 3296 678 3344 relicta
709 3308 850 3344 esset
886 3297 1164 3364 utriusque
1197 3297 1397 3363 speciei
1422 3295 1727 3348 diversitas,
1768 3307 1929 3360 quae-

74 3362 237 3410 renda
270 3361 400 3410 haec
432 3362 574 3411 foret
606 3366 657 3412 in
697 3365 918 3430 spiculis
964 3368 1024 3413 P.
1063 3365 1570 3429 macrostachyi
1621 3362 1776 3428 paulo
1829 3360 1930 3408 mi·

79 3433 330 3494 noribus3
371 3431 463 3479 sed
509 3433 637 3484 haec
674 3451 885 3502 quoque
927 3433 1231 3487 differentia
1278 3453 1305 3487 a
1337 3433 1754 3503 magnitudinum
1795 3428 1938 3481 rela-

75 3501 253 3561 tione,
291 3500 447 3550 nimis
481 3502 754 3566 variabili,
794 3503 1011 3570 pendet.
