2100 3882
624 141 972 192 Gmmuuan.
1047 139 1314 186 Pauus.
1747 134 1750 136 ’
1795 129 1896 183 203

40 293 122 344 los
153 290 288 342 latos
316 301 431 351 tot,
482 299 608 358 quot
653 286 718 337 ad
753 285 914 335 flores
956 284 1317 333 sustentandos
1359 282 1492 348 opus
1539 288 1636 329 est.
1707 277 1897 325 Perse-

42 379 260 431 quamur
290 373 460 409 autem
499 361 636 408 viam
672 355 990 404 incrementi
1019 355 1324 401 naturalem.
1402 350 1615 400 Glumas
1646 348 1769 394 duas
1803 362 1896 411 op-

37 432 238 498 positas
268 429 514 494 amplecti
543 429 667 475 duas
694 425 924 473 valvulas
964 423 1264 488 oppositas,
1315 423 1399 471 lex
1436 432 1529 469 est.
1604 416 1899 482 Opponun-

37 511 126 549 tur
165 511 336 548 autem
379 513 516 546 nunc
566 496 621 543 in
663 495 872 560 singulo
915 491 1179 559 pedicello
1221 491 1327 539 lato
1382 507 1474 538 seu
1519 488 1705 537 lacinia
1750 485 1897 535 invo-

35 569 173 617 lucri
222 569 388 617 duae
440 565 787 631 spiculae,
838 562 1127 628 opponitur
1171 559 1255 606 his
1302 577 1364 607 ex
1406 559 1565 606 altera
1603 568 1751 622 parte
1802 570 1899 620 par

37 637 211 687 simile
258 635 574 703 spicularum
619 634 670 680 iu
714 633 906 680 lacinia
945 631 1136 679 simili:
1185 629 1345 676 habes
1384 639 1607 692 quatuor
1646 625 1894 692 spiculas.

35 709 237 765 Restat,
279 717 333 753 ut
361 702 750 769 simplicissima
774 702 891 768 lege
938 702 1113 748 radius
1143 697 1333 745 circuli
1359 696 1439 743 bis
1467 696 1696 762 denique
1719 696 1772 744 in
1793 711 1899 742 am-

33 775 150 824 bitu
181 785 450 840 repetatur
472 809 483 831 ,
541 789 644 839 quo
677 771 899 820 alterum
928 769 1248 835 spicularum
1279 784 1372 831 par
1403 766 1658 814 circulum
1686 764 1897 813 senario

33 861 250 893 numero
283 842 535 908 impleat3
576 839 668 889 sed
711 840 921 888 rhachis
961 841 1162 897 obstat,
1218 853 1351 903 quae
1411 834 1580 901 quoad
1635 835 1899 900 originem

32 931 174 960 suam
211 913 341 960 latus
392 921 616 975 occupat
655 909 918 958 involucri
962 920 1014 957 et
1052 905 1391 969 interrumpit
1438 903 1710 951 circulum.
1785 905 1897 952 Jam

33 983 209 1049 itaque
247 981 403 1029 tertia
433 979 623 1028 lacinia
658 979 932 1027 divellitur
968 979 1020 1026 in
1055 988 1226 1040 partes
1258 975 1380 1022 duas
1405 1010 1416 1032 ,
1460 990 1679 1039 quarum
1712 972 1894 1030 altera,

31 1050 475 1118 praecedentibus
517 1047 735 1103 similis,
783 1065 939 1095 unam
983 1048 1141 1096 solam
1203 1045 1308 1093 sert
1363 1043 1653 1108 spiculam,
1714 1041 1896 1097 altera,

35 1119 118 1168 axi
148 1131 386 1167 materno
423 1119 611 1166 intime
658 1117 977 1176 adhaerens,
1017 1125 1182 1164 restat
1218 1114 1269 1160 in
1312 1111 1478 1161 fundo
1519 1111 1782 1159 involucri
1821 1109 1901 1155 in-

34 1189 323 1255 conspicua
362 1187 636 1255 gignitque
682 1187 936 1251 spiculam
979 1185 1126 1252 quasi
1173 1183 1415 1232 sessilcm
1461 1179 1783 1239 centralem‚
1838 1177 1902 1226 ad

34 1258 180 1322 cujus
221 1258 351 1306 latus
397 1256 606 1305 rhachis
652 1273 745 1304 seu
785 1255 893 1304 axis
933 1255 1158 1303 ulterius
1199 1250 1492 1301 adscendit.
1567 1248 1745 1297 Habes
1797 1246 1901 1296 hoe

33 1328 192 1376 modo
221 1327 471 1375 circulum
509 1323 776 1385 trifidum,
814 1324 929 1373 basi
966 1323 1334 1388 conjunctum,
1391 1319 1604 1367 laciniis
1640 1318 1780 1367 binis
1820 1316 1904 1365 bi-

33 1395 208 1453 ssori„
249 1415 346 1444 una
382 1392 604 1443 unissora
629 1431 640 1452 ,
682 1411 814 1461 quae
861 1394 962 1442 una
995 1393 1216 1440 limbum
1256 1391 1399 1447 tubi,
1454 1389 1515 1436 ab
1554 1387 1765 1453 origine
1805 1386 1904 1434 tri-

29 1466 247 1532 partiti,
305 1463 836 1532 quinquefidum
877 1462 1120 1512 reddunt.
1210 1463 1515 1526 Sequuntur
1570 1458 1743 1506 statim
1785 1455 1901 1504 tubi

33 1534 284 1583 ambitum
330 1534 567 1600 glumae,
619 1533 897 1582 advertunt
942 1532 1044 1580 sibi
1093 1532 1235 1590 iuter
1287 1547 1342 1577 se
1388 1526 1686 1593 margines,
1736 1527 1903 1574 latera

33 1615 328 1653 extrorsum
366 1615 416 1651 et
449 1603 734 1651 introrsum
771 1613 1040 1667 spectant:
1083 1602 1312 1663 calycem
1352 1595 1698 1646 decemfidum
1721 1593 1902 1662 appel-

32 1673 188 1722 lares.
262 1673 508 1723 Valvulae
541 1671 682 1719 inter
706 1671 855 1730 illas,
898 1670 1082 1719 eodem
1133 1671 1236 1717 situ
1291 1685 1501 1734 semper
1537 1667 1639 1715 sihi
1683 1664 1903 1730 opposi-

30 1753 145 1800 tae,
185 1742 492 1789 laminarum
535 1742 763 1790 formant
806 1742 1001 1789 seriem
1051 1740 1347 1805 duplicem,
1405 1754 1624 1804 quarum
1664 1735 1902 1783 exterior

29 1811 320 1876 petalorum
371 1821 484 1869 est,
538 1811 769 1859 interior
815 1822 988 1859 autem
1030 1808 1334 1858 coronulae.
1422 1810 1608 1855 Partes
1663 1804 1902 1853 sexuales

31 1897 128 1946 pro
159 1881 260 1928 situ
292 1891 344 1929 et
374 1890 495 1928 ortu
530 1879 674 1929 solae
724 1881 985 1928 masculae
1023 1878 1401 1944 perficiuntur,
1462 1885 1719 1943 augentur
1756 1884 1807 1921 et
1846 1871 1900 1920 in

31 1951 265 2016 quinque
312 1949 598 2015 phalanges
640 1949 956 1998 distributae
986 1948 1136 1997 floris
1173 1946 1512 2014 polyadelphi
1545 1954 1753 1993 struunt
1782 1941 1902 1990 fun-

33 2020 288 2068 damenta.
363 2022 550 2067 Restat
596 2018 651 2067 in
689 2031 871 2068 centro
904 2019 1104 2083 spicula
1138 2030 1311 2074 sexta,
1364 2015 1446 2064 axi
1479 2014 1811 2079 respondens
1849 2023 1901 2060 et

30 2105 128 2154 per
164 2106 218 2136 se
249 2088 462 2155 quidem
486 2088 652 2138 veluti
688 2089 851 2137 caulis
885 2089 1051 2155 ipsius
1088 2087 1238 2137 floris
1269 2085 1589 2151 reputanda,
1647 2099 1779 2145 quae
1815 2098 1903 2130 so-

31 2157 158 2205 litae
189 2168 482 2206 structurae
521 2156 754 2206 fideliter
788 2159 1106 2215 adhaerens,
1161 2156 1439 2223 biglumis,
1501 2153 1752 2213 bix-alvis,
1802 2167 1902 2218 per

0 2280 2 2303 ᾖ
32 2228 230 2293 glumas
257 2226 359 2290 jam
389 2226 812 2276 membranaceas
839 2227 1002 2276 factas
1023 2228 1192 2275 refert
1216 2225 1538 2278 nectarium,
1577 2222 1739 2272 valvis
1770 2236 1899 2270 vero

0 2309 1 2337 ῐ
35 2295 380 2344 crassioribus
415 2306 571 2362 atque
605 2297 925 2347 ventricosis
958 2295 1067 2344 abit
1098 2297 1153 2344 in
1184 2296 1387 2343 fructus
1413 2293 1794 2359 pericarpium.

168 2384 622 2455 Quemadmodum
650 2395 825 2432 autem
849 2400 877 2432 e
908 2383 1116 2449 singulo
1143 2383 1460 2448 spicularum
1483 2378 1745 2428 vex-ticillo
1778 2393 1896 2426 cum

31 2454 253 2500 centrali
285 2452 486 2516 spicula
517 2451 616 2501 flos
661 2453 884 2518 simplex
930 2452 1204 2501 circularis
1247 2452 1488 2518 quinario
1531 2449 1760 2515 partium
1801 2465 1897 2494 nu-

30 2539 174 2570 mero
201 2539 529 2588 monogynus
562 2523 832 2580 exoritur,
892 2523 970 2571 sic
1020 2522 1176 2570 etiam
1211 2533 1322 2571 tota
1362 2520 1506 2585 spica
1552 2535 1706 2565 unum
1748 2516 1896 2565 exhi-

27 2592 119 2640 bet
165 2589 352 2639 ssorem
400 2608 429 2640 e
490 2591 733 2657 plurimis
794 2593 1030 2657 partibus
1088 2590 1446 2657 periphericis
1513 2604 1720 2654 unaque
1787 2598 1896 2634 ter-

27 2661 205 2709 minali
247 2660 448 2725 spicula
477 2661 763 2710 foeminea.
814 2662 1096 2725 Deprimas
1145 2660 1205 2708 ab
1257 2660 1405 2725 apice
1449 2675 1655 2706 omnem
1694 2657 1893 2721 spicam

28 2729 91 2777 ad
124 2730 332 2793 planum
357 2729 576 2790 baseos,
617 2747 709 2791 en,
751 2729 939 2780 florem
973 2730 1359 2797 polypetalum.
1399 2727 1742 2794 polyandrum
1774 2728 1892 2792 (po-

28 2797 359 2864 lyadelphum
385 2798 752 2864 polyandrum)
793 2801 1136 2866 polygynum:
1175 2800 1306 2847 haec
1329 2803 1566 2848 Rosacea
1590 2807 1667 2846 est
1695 2795 1891 2862 planta,

30 2867 113 2918 vel
142 2869 576 2929 Ranunculacea,
612 2870 870 2918 Rosaceis
900 2880 1076 2918 tamen
1110 2869 1366 2936 proxima.
1406 2898 1474 2907 --

162 2937 489 2988 Parianae
527 2939 736 3007 species
771 2939 1087 2989 brasilianae
1126 2950 1347 3005 septem.

469 3070 510 3108 1·
553 3076 881 3112 PARIANA
926 3075 1270 3112 CAMPEST
1291 3074 1428 3111 u1s.

71 3225 81 3235 ι
145 3156 228 3234 P.
280 3155 564 3209 involucris
620 3158 735 3208 basi
788 3160 1064 3227 strigosiS,
1128 3162 1320 3228 glumis
1376 3158 1620 3209 masculis
1664 3155 1886 3206 valvulis

32 3223 251 3272 dlnudlo
283 3224 398 3276 fere
430 3228 768 3278 brevioribus
809 3231 1298 3289 ovato-subulatis,
1349 3229 1497 3279 foliis
1528 3241 1678 3278 ovato
1698 3256 1715 3265 -
1736 3226 1887 3289 ellip-

29 3294 154 3342 ticis
183 3292 295 3340 basi
331 3298 624 3347 rotundatis
659 3297 855 3364 glabris
900 3300 1134 3351 laevihus
1168 3301 1352 3350 subtus
1376 3300 1574 3366 pallide
1607 3294 1885 3350 viridibus·

32 3363 141 3413 oris
173 3361 330 3427 longe
362 3366 572 3415 setosis.
1221 3371 1230 3377 ⁵

169 3432 391 3508 Pariaua
438 3437 781 3501 campestris,
844 3435 1011 3485 Aabl.
1064 3435 1259 3500 Gujan.
1308 3435 1386 3486 II.
1423 3456 1475 3500 ρ.
1526 3437 1643 3496 876.
1692 3443 1728 3483 t.
1766 3432 1888 3487 3371

244 3496 431 3549 Wlld.
470 3499 656 3569 Sp.pl.
694 3508 787 3554 Jl‘.
828 3525 868 3555 ι.
897 3525 949 3571 p.
993 3515 1110 3569 492.
1164 3504 1307 3556 Pers.
1358 3505 1488 3571 Syn.
1542 3507 1617 3554 II.
1653 3522 1704 3568 p.
1751 3503 1871 3566 575·
