2100 3882
133 126 240 179 332
619 122 972 174 GRAm-assaff..
1048 124 1523 173 Scuxzacurmum.

136 270 553 342 collateralcS,
596 272 888 341 lineares,
931 271 1301 342 bidentatae,
1350 274 1808 331 crassiusculae.
1871 274 2007 342 Stass

110 373 276 410 -men
309 375 495 409 unum
526 354 632 426 (ad
657 352 828 430 tria.)
915 354 1212 431 Stigmata
1257 354 1807 434 aspergilliformia.
1895 355 2027 412 Ca-.

135 434 375 512 ryopsis
421 434 632 491 libera.
677 472 756 480 —
802 435 1051 514 Spicula
1100 435 1420 493 tabescens
1474 436 1778 504 obsoleta,
1827 434 2008 492 subu-

133 514 289 584 lam,
347 516 571 572 mutica
601 516 721 574 ¹vel
772 518 1063 595 setigera3
1136 517 1199 573 in
1236 516 1388 574 'aliis
1443 521 1635 595 (spec.
1688 517 1773 584 4.)
1815 516 2006 595 magis

135 596 472 675 completa,
519 597 802 676 higlumis
825 640 842 667 ,
882 598 1132 667 hissora,
1179 598 1450 656 flosculis
1489 597 1884 656 univalvibus.

298 706 753 765 Inssorescentia
789 707 1052 786 spicata,
1113 726 1293 786 saepe
1329 706 1618 783 barbata5
1669 706 1873 787 spicae
1902 725 2008 784 pe-

132 783 493 844 dunculatae
530 787 811 844 laterales
861 788 1195 863 vaginatae.

294 905 531 963 Charae
565 906 894 964 natural.
985 905 1235 983 Spicula
1281 906 1777 985 hermaphrodita
1824 903 2007 962 sessi-

129 984 236 1054 lis,
283 1002 568 1064 angusta,
612 987 923 1065 biglumis,
971 986 1188 1063 glumis
1224 986 1580 1043 lanceolatis
1611 988 1802 1044 acutis
1835 986 2006 1043 char-

129 1069 351 1136 taceis,
414 1068 701 1126 inferiore
755 1069 987 1125 binervi
1032 1068 1413 1146 planiuscula
1453 1069 1627 1146 apice
1671 1069 2004 1135 bidentata,

128 1147 421 1206 lateribus
475 1150 951 1207 membranaceis
1021 1150 1253 1206 inflexis
1280 1191 1296 1218 ,
1366 1150 1680 1230 superiore
1737 1150 2008 1207 carinata

131 1232 506 1301 acuminata,
552 1231 846 1289 uninervi.
933 1230 1201 1288 Flosculi
1241 1230 1391 1299 duo,
1437 1230 1775 1300 univalveS,
1823 1251 2007 1286 mem-

127 1309 433 1369 branacei.
527 1313 840 1369 Inferioris
894 1315 1028 1382 (seu
1091 1328 1425 1369 extrorsum
1486 1313 1675 1392 positi
1735 1310 2004 1385 flosculi)

127 1393 363 1451 valvula
424 1394 779 1462 convoluta,
857 1393 1508 1463 lineari-lanceolata,
1579 1408 1793 1463 acuta,
1852 1393 2005 1448 inte-

127 1494 272 1552 gra,
320 1475 696 1544 subenervis,
743 1475 958 1552 glumis
1010 1497 1226 1555 parum
1272 1475 1512 1535 brevior
1527 1499 1544 1550 5
1594 1476 1697 1531 illa
1734 1474 2006 1554 superio-

125 1556 212 1614 ris
250 1557 490 1614 flosculi
546 1557 624 1613 ad
665 1557 845 1614 basin
903 1558 1030 1614 fere
1073 1557 1391 1637 bipartita,
1462 1558 1700 1614 laciniis
1753 1554 2004 1612 lineari-

126 1636 241 1696 bus
278 1639 470 1695 acutis
500 1638 794 1697 valvulam
831 1640 1205 1718 superiorem
1246 1639 1762 1717 subaequantibus
1802 1637 2004 1718 planis

128 1720 447 1777 enervilms
499 1720 808 1800 parallelis
863 1736 1206 1778 antrorsum
1261 1721 1745 1778 conniventibus.
1836 1720 2002 1787 Sem,

127 1820 163 1857 e
224 1801 361 1859 sinu
413 1802 776 1860 laciniarum
817 1818 950 1860 orta
1002 1803 1264 1882 ideoque
1307 1802 1732 1870 subbasilaris,
1800 1800 2001 1878 longa,

126 1882 360 1952 valida,
429 1885 493 1940 in
529 1885 805 1962 plurimis
843 1899 1037 1954 torta,
1085 1908 1119 1941 a
1167 1885 1301 1945 hasi
1346 1884 1423 1940 acl
1473 1885 1738 1940 medium
1780 1897 2002 1951 erecta,

126 1961 329 2031 fusca,
379 1965 635 2022 abhinc
672 1966 922 2036 reflexa,
971 1966 1218 2045 pallida.
1303 1965 1633 2022 Locliculac
1685 1964 2004 2021 collatera-

125 2042 248 2114 leS,
307 2045 606 2115 linearCS,
667 2048 1135 2116 crassiusculac,
1198 2046 1579 2115 bidentatac,
1625 2046 2004 2123 longitudine

126 2126 434 2205 germinis.
525 2128 771 2185 Stamen
808 2150 1029 2198 unum,
1078 2130 1196 2186 duo
1233 2128 1326 2185 vel
1366 2129 1518 2202 tria5
1566 2129 1815 2184 anthera
1861 2149 2004 2206 pur-

127 2229 337 2287 purea.
400 2211 661 2266 Germcn
697 2209 1070 2285 subulatumj
1120 2210 1313 2288 stylus
1354 2209 1673 2277 filiformis,
1710 2210 1962 2288 simplex
1976 2229 1996 2282 3

62 2337 65 2339 -
129 2290 410 2367 Stigmata
467 2293 1032 2370 aspergillisormia,
1098 2313 1421 2371 purpurea.
1507 2292 1821 2348 Flosculus
1858 2311 2002 2347 neu-

126 2384 222 2427 ter
262 2373 692 2451 pedicellatus,
747 2374 840 2432 vel
887 2373 1178 2434 unii-alvis
1233 2374 1555 2430 distinctus
1600 2373 1856 2451 setiger,
1911 2370 2006 2429 vel

127 2452 442 2511 obsoletus
489 2455 921 2512 subuliformiS.

267 2552 471 2601 Differt
523 2573 721 2608 noxium
773 2555 873 2603 hoc
924 2572 1089 2621 genus
1144 2553 1206 2601 ab
1249 2553 1765 2619 Andropogone
1805 2565 2005 2619 genere

126 2621 329 2670 valvula
380 2621 591 2672 flosculi
641 2625 837 2673 fertilis
897 2641 1051 2691 quam
1112 2624 1164 2671 in
1217 2624 1614 2689 Andropogone
1663 2622 1899 2670 firmiore
1950 2634 2003 2671 et

126 2690 377 2751 elastica‚
421 2694 702 2759 bipartita,
746 2713 808 2744 cx
848 2695 964 2743 sinu
1003 2711 1173 2759 prope
1214 2712 1239 2741 a
1279 2692 1391 2740 basi
1432 2694 1700 2757 setigera,
1742 2704 1851 2739 tum
1892 2691 2002 2758 spi-

127 2761 244 2808 cula
281 2762 450 2810 fertili
489 2782 702 2829 semper
753 2766 855 2826 (ob
897 2762 1174 2812 flosculum
1219 2775 1501 2827 utrumque
1552 2762 1886 2823 univalvem)
1936 2761 2001 2810 ad

74 2875 76 2877 ,
126 2831 366 2895 speciem
405 2831 630 2883 unissora
669 2852 842 2903 neque
878 2834 1268 2898 hemiologama
1308 2833 1512 2894 (Trin.)
1569 2831 1743 2895 Stylus
1782 2831 1836 2878 in
1875 2848 1999 2879 nos..

125 2901 229 2949 tris
266 2901 520 2966 simplex,
579 2906 729 2970 apice
780 2916 980 2952 tantum
1017 2904 1072 2951 in
1110 2905 1348 2968 stigmata
1388 2900 1604 2948 divisus.
1658 2929 1726 2937 —-
1776 2901 2004 2951 Habitus

127 2971 414 3037 proprius,
474 2973 638 3036 spicis
704 2973 961 3024 solitariis
1020 2973 1076 3021 in
1125 2974 1300 3021 culmo
1352 2969 2004 3038 fasciculam-decompo-

131 3050 236 3089 slto
274 3043 592 3091 numerosis.

265 3129 504 3195 Hujusce
550 3131 763 3197 generis
816 3131 1056 3197 species,
1109 3142 1326 3197 praeter
1373 3140 1739 3188 enumeratas,
1792 3140 1912 3177 sunt
1948 3138 2006 3177 et

129 3196 605 3265 Andropogon
641 3199 1116 3260 brevifolius,
1158 3202 1277 3248 Sw.
1317 3199 1573 3263 (Pollinia
1610 3200 1798 3265 Spr.)‚
1839 3215 1997 3267 quem

129 3268 235 3334 ipsi
265 3269 322 3316 in
356 3270 556 3316 Herb.
598 3269 830 3318 Witld.
870 3269 1126 3329 vidimus,
1179 3280 1287 3317 turn
1336 3286 1464 3319 vero
1519 3270 1997 3338 Andropogon

128 3339 449 3396 striatas,
489 3338 726 3389 Willd.
767 3339 1026 3394 (Pollinia
1069 3339 1235 3405 Spr.)
1268 3350 1323 3390 et
1352 3338 1494 3391 sorte
1526 3338 1999 3406 Andropogon

131 3405 706 3467 flabellisormis‚
748 3410 887 3474 Spr.

176 3519 178 3522 ’
234 3496 502 3564 --ὃρεοίεε
539 3496 858 3550 brasilianae
898 3497 1151 3568 quinque.
