2100 3882
606 154 954 205 GnAmmEAz.
1031 154 1314 204 Cr‘sonon.
1798 150 1899 203 425

503 323 543 362 l·
588 324 943 362 CYNODON
984 322 1434 361 MARITIMUS.

180 442 238 492 C.
273 440 455 491 culmis
486 436 795 503 repentibus
828 435 1178 500 compressis,
1230 435 1375 483 foliis
1413 431 1657 483 distichis
1686 428 1902 496 glaucis,

43 509 203 577 ligula
225 510 411 567 ciliata,
440 507 599 574 spicis
620 505 847 572 digitatis
866 505 1132 570 quaternis
1156 504 1413 569 quinisve,
1449 503 1617 570 gluma
1645 498 1905 548 inferiore

44 578 266 630 flosculo
305 579 461 644 duplo
502 577 776 642 superiore
823 573 1008 622 eodem
1048 591 1228 638 parum
1269 574 1518 622 breviore
1566 572 1714 638 apice
1750 567 1906 616 subu-

45 650 144 698 lata
168 686 179 708 ,
236 649 432 698 valvula
490 645 748 694 inferiore
800 643 959 692 dorso
1006 643 1423 693 villoso-ciliata
1479 642 1699 699 mutica,
1761 635 1907 685 rudi-

44 730 220 768 mento
258 715 590 767 setulisormi.

186 805 438 872 Cynodon
476 802 830 862 maritimum,
884 796 954 849 H.
1000 807 1051 848 et
1091 795 1160 846 Η.
1206 795 1340 846 Not).
1387 796 1450 847 G.
1502 806 1551 845 et
1603 800 1690 863 Sp.
1731 793 1810 862 pl.
1864 812 1907 842 ι.

248 893 305 942 p.
353 891 461 938 ¹7⁰·
499 868 707 921 Hantlz.
752 869 887 939 Syn.
934 866 980 920 I.
1019 887 1075 937 p.
1116 867 1232 920 230.
1271 865 1343 919 R.
1377 875 1428 916 et
1474 865 1594 916 Sch.
1637 863 1688 915 S.
1733 864 1791 914 V.
1829 864 1908 911 II.

240 962 295 1011 p.
326 952 386 1005 4¹
405 962 443 991 1.

180 1032 435 1099 Cynodon
462 1028 808 1081 occidentalis
844 1047 890 1077 οι.
931 1037 984 1078 et
1018 1035 1065 1080 β.
1095 1025 1420 1083 maritimus,
1482 1022 1672 1073 VVilld.
1711 1020 1875 1072 Herb.

185 1120 392 1171 Chloris
431 1120 724 1179 maritima,
780 1112 930 1165 Trin.
975 1114 1069 1166 Gr.
1105 1110 1259 1180 unifl.
1296 1122 1345 1163 et
1378 1109 1614 1179 sesquifl.
1643 1131 1698 1179 p.
1729 1109 1842 1161 236.

179 1209 444 1277 Digitaria
484 1207 774 1265 maritima,
817 1207 936 1274 Spr.
970 1202 1020 1253 S.
1063 1208 1114 1254 V.
1149 1206 1193 1252 I.
1225 1221 1279 1269 p.
1312 1198 1455 1268 272?

185 1293 408 1344 Habitat
441 1294 491 1343 in
520 1291 837 1358 graminosis
879 1290 1073 1359 apricis
1102 1289 1430 1340 siccz‘usculis
1471 1288 1544 1337 ad
1577 1285 1913 1336 Sebastiano·

40 1364 225 1434 polin,
266 1384 422 1434 prov.
458 1363 559 1413 Rio
591 1364 654 1412 de
680 1361 915 1412 Janelro.
974 1359 1156 1409 Floret
1184 1360 1456 1428 Augusto.
1500 1355 1818 1417 (Martias.)
1849 1379 1915 1391 --

44 1433 212 1484 Locis
256 1435 437 1503 planis
487 1433 682 1500 apricis
726 1430 964 1481 arenosis
1006 1430 1160 1499 regni
1205 1428 1526 1484 Peraviani.
1566 1427 1706 1477 inter
1749 1422 1913 1473 Lima

46 1503 216 1554 Santa
245 1513 295 1554 et
334 1502 601 1554 Traxillo.
676 1500 786 1566 (Fl.
827 1500 1062 1550 Octobri.
1099 1529 1168 1538 -—
1203 1500 1270 1549 ab
1299 1498 1527 1561 Humb.)

177 1593 500 1643 Glaucediue
553 1592 799 1659 quadam,
848 1591 992 1640 foliis
1033 1589 1271 1639 distichis
1303 1588 1510 1656 parvis,
1568 1579 1722 1641 (solis
1776 1583 1920 1651 vagi-

43 1681 226 1712 narum
260 1661 477 1712 orificiis
509 1662 854 1720 barbulatis‘,
920 1660 1150 1710 corollae
1192 1660 1394 1709 valvula
1441 1657 1699 1706 inferiore
1739 1654 1916 1705 carina

45 1733 511 1784 villoso-ciliolata
549 1732 740 1780 mutica
773 1732 908 1779 bene
947 1730 1192 1778 distincta
1245 1729 1471 1796 species.
1545 1727 1919 1776 Rudimentum

49 1819 258 1869 semper
288 1802 630 1862 setaeforme,
670 1817 769 1850 nec
796 1801 945 1867 apice
974 1800 1300 1849 clavulatum.

192 1890 478 1940 Observ.
525 1893 583 1938 In
618 1889 1009 1954 descriptione,
1050 1907 1075 1936 a
1108 1888 1171 1937 cl.
1200 1886 1576 1936 Humboldt
1604 1896 1655 1933 et
1683 1882 1918 1949 Bonpl.

53 1960 108 2009 in
145 1962 305 2009 Nov.
351 1961 505 2009 Gen.
546 1962 579 2008 l.
621 1978 663 2010 c.
705 1959 847 2017 data,
886 1959 1089 2007 valvula
1127 1957 1356 2006 inferior
1390 1956 1612 2015 „obtusa
1645 1953 1782 2002 infra
1812 1951 1922 2018 api-

57 2046 171 2079 cem
216 2030 529 2079 brevissime
575 2031 821 2078 aristata‘·
869 2028 1206 2094 perhibetur,
1262 2027 1403 2075 forte
1460 2025 1524 2074 ad
1573 2022 1922 2089 Cynodon-

53 2111 182 2148 tem
219 2101 556 2165 Dactylon
594 2100 789 2148 calamo
832 2098 1127 2146 aberrante.
1200 2097 1356 2145 Addit
1387 2096 1508 2143 ideo
1543 2095 1598 2143 in
1630 2091 1924 2159 Synopsi

56 2187 146 2217 sua
180 2169 244 2217 cl.
284 2169 533 2217 Runth:
576 2168 906 2234 „Cynodonti
962 2167 1162 2232 dactylo
1208 2167 1537 2234 proximum,
1595 2162 1808 2212 nonnisi
1849 2160 1925 2208 di·

59 2254 301 2287 versum:
352 2239 497 2303 palea
530 2238 782 2298 (vatvula)
817 2236 1077 2284 inferiore
1125 2236 1284 2285 dorso
1336 2235 1547 2294 villosa,
1603 2245 1776 2291 acuta,
1824 2247 1924 2279 nec

53 2307 191 2355 infra
225 2307 427 2373 apicem
454 2307 761 2355 brevissime
794 2306 1057 2354 aristata.“
1136 2305 1282 2381 Quae
1322 2323 1437 2354 cum
1468 2305 1537 2351 ita
1570 2303 1700 2361 sint,
1757 2300 1924 2351 verba

55 2374 364 2424 definitione
411 2392 577 2424 novae
631 2376 685 2423 in
736 2375 1141 2440 Sprengelii
1195 2378 1245 2421 «δ’.
1308 2374 1430 2436 Veg.
1494 2371 1695 2420 addita:
1737 2370 1921 2429 „valva

57 2447 313 2495 corollina
348 2446 503 2495 altera
533 2445 848 2493 brevissime
872 2444 1119 2492 aristata“
1161 2443 1314 2491 dubia
1348 2453 1587 2499 movent,
1620 2459 1742 2489 num
1777 2450 1924 2488 recte

57 2515 122 2563 ad
170 2516 309 2564 illam
351 2515 584 2580 speciem
635 2514 905 2562 adferatur
960 2525 1137 2561 nostra
1184 2513 1618 2567 Humboldtiana,
1675 2527 1828 2576 quam
1867 2508 1924 2556 in

56 2585 271 2634 Herh.
322 2583 558 2633 Willd.
606 2584 866 2642 vidimus,
918 2600 1024 2631 non
1076 2582 1180 2631 nisi
1224 2584 1538 2649 spicularum
1580 2580 1760 2630 colore
1798 2595 1924 2645 pur-

55 2666 368 2722 purascente
405 2653 630 2704 diversa.

518 2817 558 2856 2·
604 2822 965 2859 CYNODON
1009 2822 1382 2858 PASGUUM.
1431 2814 1459 2864 †

193 2926 248 2974 C.
284 2925 468 2975 culmis
512 2927 819 2991 repentibus
853 2926 1225 2975 ramosissimis
1269 2920 1718 2989 subcompressi5‚
1776 2917 1922 2967 foliis

57 2991 299 3043 distichis
338 2994 594 3043 viridibus
619 3032 630 3053 ,
671 2996 831 3060 spicis
866 2995 1096 3061 digitatis
1138 2995 1404 3061 quaternis
1445 2992 1713 3060 quinisve,
1754 2989 1925 3055 gluma

55 3061 314 3111 inferiore
345 3061 566 3113 flosculo
603 3065 860 3130 subduplo
900 3066 1176 3130 superiore
1217 3064 1401 3112 eodem
1435 3062 1589 3111 tertia
1622 3069 1770 3126 parte
1800 3057 1923 3105 hre-

56 3131 207 3178 viore
238 3144 382 3181 acuta
405 3169 417 3192 ,
477 3135 679 3183 valvula
715 3135 972 3183 inferiore
1004 3134 1163 3184 dorso
1196 3134 1466 3184 subciliata
1499 3129 1719 3186 mutica,
1779 3125 1922 3174 rudi-

56 3211 233 3248 mento
263 3203 596 3251 setuliformi.

198 3284 421 3336 Habitat
464 3290 515 3338 in
551 3291 752 3358 campis
781 3292 851 3340 ad
877 3289 1162 3340 Almeirim
1214 3298 1265 3338 et
1313 3297 1516 3337 montes
1556 3283 1740 3342 Para,
1791 3297 1923 3349 quos

56 3357 396 3405 Amazonum
446 3356 668 3409 Flumen
709 3359 898 3420 alluit,
955 3378 1110 3427 prov.
1151 3357 1469 3416 Parae'nsis,
1522 3365 1633 3405 tam
1667 3352 1825 3403 etiam
1869 3348 1922 3397 in

52 3426 267 3492 pascuis
302 3425 563 3477 sabulosis
583 3447 751 3495 prope
794 3429 1047 3479 Cachiam
1094 3438 1144 3478 et
1191 3427 1322 3476 alibi
1361 3428 1414 3476 in
1439 3422 1723 3492 provincia
1761 3417 1925 3469 Plau-

61 3494 241 3545 hiensi.
315 3493 498 3545 Floret
539 3495 699 3547 Junio
735 3528 802 3538 -
842 3501 1112 3567 Augusta.
1183 3494 1415 3560 (Mar-t„-
