2100 3882
551 127 898 175 Gnamxnaz.
973 121 1371 170 Gumo‘rumx,
1782 120 1890 174 279

44 274 400 332 validiusculi',
455 271 685 339 trigoni,
728 268 926 325 striati,
969 268 1303 326 scaberrimi,
1354 265 1494 315 nodo
1515 264 1774 315 terminali
1806 265 1886 312 in-

40 354 268 397 crassato
309 342 458 392 fusco
499 339 796 405 striguloso.
883 337 1086 401 Vagina
1135 336 1473 392 universaliS,
1536 334 1885 400 pedunculum

43 429 366 464 communem
396 410 683 460 terminans
711 409 824 456 laxe
853 406 1241 462 circumvoluta,
1290 401 1505 470 1}—2{
1522 403 1743 471 pollices
1773 403 1890 451 lon·

40 499 129 548 ga,
178 481 493 538 lanceolata,
544 478 750 534 striata,
802 475 1009 540 glabra,
1058 473 1273 533 viridis,
1330 474 1517 522 foliolo
1571 472 1888 522 lanceolato-
1934 515 1937 520 ,

39 550 228 601 lineari
255 560 476 615 angusto.
502 544 658 613 {—{-
685 545 905 611 pollices
937 545 1096 608 longo
1127 541 1360 607 praedita
1378 578 1390 593 ,
1440 543 1703 609 ligulaque
1732 541 1888 590 obso-

36 622 140 670 leta
171 617 740 686 squammoso-lacera,
804 612 1095 661 Pedunculi
1132 611 1338 676 proprii
1382 611 1534 660 3-6
1555 647 1566 669 ,
1600 609 1887 668 umbellati,

45 688 197 739 1——3
250 687 475 753 pollices
515 685 688 751 longi,
737 683 995 748 graciles,
1045 700 1072 729 a
1107 680 1281 728 medio
1328 680 1382 727 in
1431 697 1604 728 arcum
1655 679 1887 738 recurvi,

38 774 342 823 compresso
362 787 378 794 -
394 755 621 821 trigoni,
658 753 806 801 valde
845 751 1143 817 inaequales
1167 766 1339 814 neque
1367 766 1592 814 unquam
1617 749 1758 797 forte
1783 747 1904 796 om?

38 844 131 876 nes
159 836 520 892 emergentes,
562 821 899 879 scaberrimi‚
957 819 1147 885 singuli
1182 817 1361 883 spatha
1396 817 1611 883 propria
1638 817 1894 866 membra-

39 912 196 945 nacea
226 895 513 958 lanceolato
533 891 757 941 -lineari
795 891 976 939 obtusa
997 926 1011 948 ,
1046 888 1161 937 basi
1199 886 1893 953 complicato-canaliculata

38 963 260 1032 pallida,
317 963 465 1029 apice
506 961 826 1028 planiuscula
870 954 1282 1025 purpurascente
1335 956 1570 1004 distincti
1605 968 1759 1022 atque
1791 956 1893 1005 cir-

38 1033 336 1084 cumvoluti.
413 1032 568 1097 Spica
614 1031 668 1079 in
710 1030 916 1098 singulo
957 1026 1219 1094 pedicello
1263 1041 1387 1084 una,
1439 1025 1734 1091 pollicaris,
1786 1042 1893 1074 ses-

39 1102 403 1170 quipollicaris
434 1111 485 1149 et
523 1101 676 1167 paulo
713 1099 953 1164 longior,
1003 1096 1317 1162 cylindrica,
1368 1095 1518 1159 apice
1551 1112 1733 1159 parum
1767 1105 1894 1143 atte-

37 1182 189 1220 nuata
210 1207 222 1230 ,
262 1171 570 1220 densissima
592 1206 608 1229 ,
643 1187 677 1219 e
703 1168 999 1234 pedunculo
1019 1166 1238 1231 proprio
1266 1164 1526 1213 declinato
1549 1162 1893 1225 adscendens,

38 1252 300 1291 amentum
363 1240 624 1290 referens.
715 1238 841 1286 Axis
900 1235 1137 1286 crassitie
1184 1233 1462 1301 pedicelli,
1539 1232 1894 1298 triangularis,

38 1308 433 1368 suhssexuosus.,
472 1306 1034 1374 pubescenti—scaber.
1102 1304 1361 1352 Pedicelli
1392 1302 1727 1363 brevissimi,
1768 1301 1895 1348 den-

38 1380 410 1437 ticuliformes,
456 1375 1002 1445 pubescenti-scabri.
1076 1375 1319 1440 Spiculae
1359 1371 1623 1421 solitariae
1657 1371 1741 1419 vel
1772 1370 1894 1419 sub-

41 1449 309 1516 geminae,
368 1448 529 1496 dense
566 1447 890 1495 imbricatae.
958 1446 1289 1493 Involucrum
1352 1459 1471 1491 cum
1512 1441 1709 1506 spicula
1756 1439 1895 1488 deci-

39 1517 226 1578 duum,
258 1518 608 1575 multisetum‚¹
659 1516 783 1565 setis
828 1525 1118 1562 retrorsum
1161 1511 1497 1561 scaberrimis
1534 1509 1744 1576 pallidis
1786 1509 1899 1574 api-

40 1604 167 1638 ceve
196 1585 699 1654 purpurascentibus
746 1584 894 1634 valde
925 1582 1319 1649 inaequalibus,
1374 1580 1488 1629 aliis
1540 1580 1738 1646 spicula
1777 1578 1897 1626 bre-

41 1657 302 1714 vioribus,
341 1656 457 1704 aliis
490 1672 605 1703 eam
630 1652 1006 1720 aequantibus,
1047 1671 1173 1712 una,
1213 1650 1532 1716 fortiorique
1562 1666 1647 1707 ea,
1700 1647 1899 1713 spicula

46 1726 201 1792 duplo
260 1742 416 1792 saepe
478 1723 707 1790 triplove
763 1722 1011 1787 longiori.
1109 1721 1320 1786 Spicula
1375 1717 1897 1777 ovato-lanceolata,

44 1812 382 1862 compressa,
411 1794 705 1843 virescens.
778 1792 993 1841 Glumae
1037 1803 1249 1847 ovatae,
1291 1788 1742 1845 membranaceae,
1781 1803 1901 1835 acu-

45 1865 323 1922 tiusculae,
365 1862 596 1924 albidae3
635 1861 882 1910 inferiori
911 1860 1154 1909 uninervi
1184 1859 1382 1925 spicula
1410 1857 1680 1922 sextuplo,
1719 1883 1786 1891 -
1820 1873 1902 1904 su-

48 1934 250 2000 pexiori
278 1932 600 1982 subtrincrvi
633 1930 816 1979 eadem
854 1930 1143 1996 quadruplo
1185 1927 1439 1977 breviori.
1511 1926 1787 1976 Flosculus
1823 1925 1903 1972 in-

49 2003 217 2053 ferior
244 2014 430 2051 neuter
448 2038 466 2060 „
509 2000 791 2058 univalviS,
847 2000 1044 2049 valvula
1085 1998 1457 2047 subchartacea
1496 1996 1904 2045 ovato-lanceo-

0 2129 1 2139 γ
49 2073 151 2121 lata
195 2083 338 2122 acuta
391 2070 743 2120 scabriuscula
785 2068 1172 2136 quinquenervi
1210 2066 1397 2115 albida.
1472 2065 1749 2115 Flosculus
1777 2063 1902 2113 her-

0 2173 2 2196 ,
49 2141 411 2206 maphroditus
441 2139 690 2201 bivalvis3
731 2139 931 2188 valvula
965 2138 1212 2188 inferiori
1242 2137 1442 2202 glumae
1482 2134 1775 2201 superioris
1799 2151 1906 2181 ma-

46 2210 184 2260 xima
213 2208 548 2258 similitudine
578 2208 916 2273 ejusdemque
950 2206 1322 2273 magnitudinis
1340 2241 1352 2264 ,
1409 2206 1728 2271 amplectens
1756 2219 1908 2268 supe-

50 2280 247 2328 riorem
278 2279 547 2346 aequalem
586 2277 1136 2326 ovato-lanceolatam
1165 2286 1366 2324 acutam
1400 2275 1554 2323 etiam
1583 2273 1907 2322 chartaceam

43 2349 346 2405 bine-trem,
379 2363 511 2412 quae
537 2345 863 2411 marginibus
902 2343 1112 2393 inflexis
1156 2343 1402 2411 genitalia
1450 2342 1600 2409 tegit.
1673 2340 1904 2390 Lodicu-

52 2419 132 2469 lae
156 2416 453 2467 latiusculae
471 2451 488 2474 ,
522 2416 734 2480 oblique
761 2414 1125 2463 subtruncatae
1151 2413 1353 2478 angulis
1383 2411 1610 2469 obtusis,
1652 2410 1908 2458 membra-

49 2503 274 2545 naceae,
306 2485 548 2554 glabrae,
585 2484 747 2533 albae.
801 2484 1028 2533 Stamina
1058 2483 1174 2531 tria.
1227 2483 1459 2529 Germen
1491 2481 1717 2538 lineare,
1758 2479 1908 2544 apice

49 2556 301 2613 bicorne,
362 2554 659 2615 lutescen53
719 2552 838 2618 styli
893 2553 1153 2618 elongati3
1209 2551 1447 2618 stigmata
1499 2550 1661 2599 dense
1707 2549 1905 2602 villosa.

46 2636 502 2692 atro-purpurea,
538 2633 767 2672 exserta.
1815 2626 1836 2634 ·’

177 2728 399 2781 Habitat
430 2728 484 2779 in
519 2725 718 2778 Ilffonte
768 2726 936 2777 Video.
991 2732 1074 2790 η..
1146 2723 1418 2789 (Sellow.)
1501 2722 1612 2774 Vidi
1647 2722 1700 2772 in
1741 2721 1902 2773 Herb.

45 2797 184 2868 Reg.
209 2797 396 2849 Berol.
980 2832 983 2834 ,

183 2906 469 2956 Observ.
517 2907 557 2954 Ι.
644 2901 1043 2951 Inssoreseentia
1101 2901 1354 2966 singulari
1418 2900 1518 2949 hoc
1578 2917 1791 2966 gramen
1841 2900 1904 2950 ad

48 2972 408 3025 Saecharin
424 2990 493 3023 ea
530 2973 767 3030 accedit,
817 2988 1023 3038 neque,
1070 2970 1212 3038 quod
1245 2971 1431 3028 sciam,
1468 2981 1680 3036 praeter
1722 2971 1813 3035 Gy
1830 2987 1902 3018 m-

48 3043 433 3093 notrichem
468 3041 957 3106 tristachyam,
997 3042 1063 3088 H.
1092 3051 1143 3087 et
1170 3040 1260 3098 R„
1303 3039 1401 3088 alia
1436 3040 1643 3105 species
1679 3040 1904 3105 cognita,

49 3122 128 3160 est
152 3111 303 3176 hujus
330 3112 539 3177 generis
559 3147 570 3169 ,
611 3127 741 3177 quae
772 3110 940 3177 possit
977 3109 1214 3158 conferri
1315 3111 1460 3157 Haec
1493 3121 1661 3157 autem
1698 3109 1904 3174 species

42 3179 171 3228 adeo
210 3181 498 3247 propinqua
541 3191 784 3238 nostrae,
834 3190 920 3236 ut,
983 3179 1170 3245 quihus
1227 3176 1468 3235 differat,
1521 3178 1611 3226 vix
1651 3178 1906 3235 invenias,

53 3249 152 3297 nisi
200 3249 363 3297 nodos
410 3250 619 3314 glabros
667 3248 865 3314 respici
886 3269 940 3300 as
976 3259 1028 3297 et
1075 3247 1201 3297 folia
1239 3246 1542 3314 angustiora
1576 3247 1917 3309 (lanceolato-

49 3317 266 3368 linearia
293 3332 406 3366 esse
434 3317 695 3368 dicuntur.
765 3318 918 3368 Anne
949 3318 1346 3384 conjungendae
1361 3315 1412 3378 ·?)

99 3472 109 3483 .
191 3403 478 3454 Observ.
516 3408 581 3458 ΙΙ.
658 3406 825 3482 Quale
875 3407 1017 3455 inter
1063 3405 1454 3454 Penniseta
1524 3405 1903 3454 Penicilla-

56 3490 82 3523 r
96 3491 114 3522 ι
133 3492 161 3524 a
196 3489 358 3541 genus
373 3508 386 3534 ,
425 3473 538 3526 solo
585 3476 762 3542 calyce
809 3475 1114 3528 abbreviato
1149 3474 1449 3525 distinctum
1468 3508 1481 3534 ‚
1531 3473 1713 3524 militat
1732 3509 1741 3529 ‚
1793 3474 1906 3522 talis
