2100 3882
604 163 956 224 Gmmmssass.
1028 162 1301 216 Pamctm,
1784 167 1893 228 253.

140 312 446 365 'Obserw
516 309 832 376 Descriptio
871 326 898 358 a
935 309 1214 368 Trinio,
1253 310 1368 361 viro
1397 307 1738 368 acutissimo,
1776 308 1889 361 luc.

30 381 147 435 data
184 383 255 432 ita
289 380 560 448 congiuit,
604 392 660 428 ut
695 379 853 428 dubia
890 396 995 426 non
1032 390 1268 440 restent,
1309 398 1372 428 an
1410 379 1594 429 eadem
1628 378 1785 429 nobis
1822 380 1904 429 sit·

26 453 202 519 planta
243 469 394 519 quam
436 450 527 497 ille
580 448 882 513 descripsit.
955 450 1012 495 In
1049 448 1152 495 hoc
1191 449 1306 498 solo
1344 460 1519 498 tamen
1557 449 1736 516 aliquo
1777 466 1892 499 mo-

27 521 94 570 do
128 521 335 570 recedit
371 518 645 598 specimen
682 528 923 566 nostrum
949 553 960 575 ,
1013 516 1154 584 quod
1191 517 1364 582 gluma
1402 518 1628 567 inferior
1665 518 1749 566 vix
1784 529 1895 568 ter-

28 591 101 640 tia
153 601 302 655 parte
357 586 530 636 minor
584 588 653 635 sit
703 586 1014 652 superioie,
1067 585 1356 652 eademque
1409 605 1514 636 non
1563 587 1747 636 obtusa
1800 587 1901 637 sed

28 670 210 719 acuta3
248 670 356 707 tum
383 657 625 722 superior
651 656 702 703 in
732 656 891 704 dorso
918 655 1167 703 distincta
1192 656 1367 704 ciliata
1396 658 1667 722 apparuit,
1710 673 1897 724 quem-

29 695 307 778 admodum
351 726 587 775 neutiius
647 724 855 774 flosculi
909 724 1106 773 valvula
1171 725 1437 786 exterior3
1485 727 1577 775 sed
1611 726 1743 775 haec
1780 725 1897 776 for-

29 815 119 847 san
158 798 211 845 in
261 795 546 845 fiuctifeio
595 796 835 860 giainine
884 794 976 855 (—-
1012 791 1210 841 fimens
1257 795 1590 860 possidemus
1648 795 1753 861 ipsi
1803 795 1900 858 -)

29 877 307 915 mutantur.
384 866 546 914 Color
599 865 920 931 spiculaxum
969 862 1026 911 in
1077 863 1237 912 dorso
1287 863 1499 924 fuscus,
1551 863 1854 916 inferiori
1840 881 1898 914 ln

27 935 192 995 latere
226 933 534 986 flavescens

488 1089 554 1137 122·
607 1096 951 1134 PANICUM
996 1091 1371 1134 SELLOVH.
1416 1090 1445 1141 ’ί-

170 1212 231 1261 P.
269 1227 481 1260 racemo
522 1209 890 1275 decomposito
931 1220 1240 1270 contracto,
1279 1209 1441 1257 ramis
1482 1209 1773 1276 elongatis,
1812 1227 1905 1275 pe·

34 1281 274 1330 dunculis
315 1277 656 1337 subhissoris,
699 1278 916 1344 spiculis
956 1279 1199 1327 obovatis
1237 1279 1684 1344 pubescentibus,
1729 1280 1904 1329 culmo

36 1361 218 1399 erecto
273 1349 867 1405 dichotomo-ramoso,
937 1348 1086 1396 soliis
1136 1348 1734 1416 oblongo-acuminatis
1786 1348 1906 1398 basi

31 1419 331 1470 rotundatis
368 1437 524 1484 supra
576 1419 764 1485 pilosis
815 1416 993 1467 subtus
1046 1418 1309 1487 nodisque
1347 1418 1659 1487 vaginisque
1697 1419 1904 1470 minute

34 1487 462 1556 pubescentibus.

175 1577 347 1626 Radix
381 1593 608 1641 repenS,
647 1574 797 1624 fibris
836 1574 966 1624 albis
1004 1574 1203 1642 glabris
1240 1575 1506 1642 rigiduliS.
1582 1575 1758 1626 Culmi
1785 1578 1905 1644 plu·

38 1664 156 1708 res,
210 1662 415 1712 pennae
472 1645 793 1712 gallinaceae
852 1646 1119 1703 crassitie,
1178 1645 1664 1711 1{—2-pedales,
1717 1648 1906 1706 erecti,

40 1716 240 1775 striati,
295 1715 448 1764 nodis
505 1715 744 1779 pluribus
783 1715 1087 1763 incrassatis
1124 1715 1452 1765 interstincti
1491 1728 1543 1764 et
1584 1733 1647 1765 ex
1684 1716 1911 1765 inferio-

38 1786 188 1835 ribus
225 1785 379 1834 nodis
416 1784 620 1833 radices
661 1785 1032 1845 demittente-53
1071 1782 1319 1843 flexuosi,
1371 1803 1396 1833 a
1435 1786 1549 1834 basi
1589 1786 1906 1846 dichotomi,

42 1855 252 1906 inferne
308 1870 423 1902 curn
477 1854 1092 1920 vaginis2arnethystini3
1155 1855 1460 1904 internodia
1522 1855 1674 1904 basin
1727 1873 1912 1906 versus

43 1925 251 1992 glabra,
314 1941 570 1990 superne,
636 1936 691 1972 ut
744 1924 907 1983 nodi,
962 1923 1330 1989 pubescentia.
1414 1926 1651 1992 Vaginae
1703 1924 1915 1974 infimae

42 1994 365 2050 emarcidae,
405 1994 644 2060 reliquae
671 2011 853 2042 omnes
876 2030 888 2053 ,
932 2005 1151 2059 excepta
1188 1994 1400 2054 ultima,
1440 1995 1762 2044 internodiis
1792 1996 1918 2045 bre-

42 2064 224 2113 viores
252 2074 302 2111 et
323 2062 609 2112 inferiores
630 2063 842 2130 quidem
875 2064 1170 2130 quadruplo
1196 2064 1444 2124 minoreS,
1486 2066 1796 2130 superiores
1824 2083 1917 2132 pa-

45 2151 161 2183 rum
201 2132 534 2199 inaequales,
575 2151 761 2186 omnes¹
794 2133 1139 2194 convolutae,
1194 2145 1402 2195 arctae,
1455 2135 1722 2200 profunde
1759 2135 1916 2185 stria-

43 2213 159 2256 tae,
196 2201 452 2268 juveniles
493 2202 882 2268 pubescenteS,
922 2214 1093 2251 aetate
1134 2203 1376 2268 glabrae,
1433 2204 1527 2253 sed
1567 2222 1780 2270 semper
1819 2203 1918 2254 sub

48 2271 185 2320 folio
235 2288 522 2337 appresso·
539 2272 759 2320 villosae
815 2283 868 2320 et
915 2272 969 2318 in
1022 2274 1258 2338 maigine
1297 2274 1644 2337 supeivoluto
1684 2275 1914 2323 ciliatae.

45 2339 234 2406 Ligula
270 2339 612 2397 brevissima,
666 2352 716 2388 ti
721 2343 1012 2390 ansversim
1045 2342 1264 2390 linearis
1290 2378 1301 2400 ,
1342 2343 1719 2410 integerrima,
1759 2344 1916 2393 nudas

48 2409 202 2459 Folia
240 2407 706 2475 3—3ss-lmlliees
746 2411 930 2476 longa,
970 2418 1126 2474 7-8
1167 2410 1331 2460 lineas
1368 2381 1497 2472 latao,
1540 2411 1715 2460 infima
1744 2424 1920 2462 autem

50 2478 140 2528 vix
177 2478 617 2542 semipollicaria,
666 2479 837 2526 media
890 2496 1004 2528 curn
1043 2479 1247 2546 vaginis
1284 2481 1391 2529 suis
1430 2482 1793 2531 internodium
1832 2500 1921 2532 ae-

53 2548 295 2615 quantia,
335 2549 597 2613 patentia,
641 2548 893 2614 oblonga,
951 2552 1276 2609 acuminata,
1332 2550 1445 2600 basi
1485 2552 1702 2619 obliqua
1741 2564 1792 2601 et
1828 2570 1919 2602 ro-

51 2618 296 2674 tundata,
358 2619 596 2683 margine
637 2619 986 2677 scabeirima,
1027 2619 1493 2681 undecimneivia,
1549 2639 1704 2687 supra
1742 2622 1925 2671 striata

55 2687 278 2766 sparsim
314 2688 520 2750 pilosa,
562 2687 615 2734 in
659 2687 856 2736 ambitu
893 2705 1020 2737 vero
1059 2700 1113 2737 et
1160 2690 1225 2737 ad
1274 2689 1490 2755 ligulam
1538 2692 1700 2740 dense
1750 2692 1925 2740 minu-

54 2757 254 2823 tivnque
294 2756 674 2820 pubescentia,
711 2756 853 2837 pube
897 2775 1114 2823 appless
1123 2776 1184 2819 a,
1237 2759 1420 2809 subtus
1475 2761 1679 2810 minute
1732 2761 1928 2828 pubes-

0 2846 2 2873 :
55 2827 228 2875 centia
264 2827 441 2874 neivis
480 2826 567 2874 hic
606 2828 769 2892 magis
809 2828 1127 2893 conspiiuis.

196 2917 454 2962 Racemus
482 2915 778 2962 terminalis
808 2914 1206 2981 decompositus
1226 2951 1239 2973 ‚
1277 2917 1435 2981 7-—8
1465 2918 1689 2982 pollices
1716 2919 1927 2985 longus,

0 3001 5 3026 ὲ
63 2998 92 3032 e
129 2984 365 3047 supiemi
395 2983 512 3031 folii
547 2985 731 3049 vagina
768 3002 949 3049 panim
999 3002 1309 3050 emergens,
1362 2999 1599 3047 erectus,
1658 2988 1818 3036 ramis
1848 3006 1932 3037 ra-

67 3052 222 3099 mulis
255 3052 640 3117 pedicellisque
682 3055 876 3103 erectis
907 3056 1275 3120 subappiessis
1307 3057 1506 3105 scabris
1539 3057 1934 3124 glabriusculis,

71 3121 312 3184 junctura
346 3139 612 3170 ramorum
651 3123 902 3171 bievibus
940 3125 1122 3174 setulis
1153 3124 1383 3173 barbata.
1457 3126 1689 3175 Rhachis
1724 3127 1934 3176 inferne

6 3240 8 3243 ,
68 3205 401 3254 compressa,
442 3208 670 3257 supeine
699 3193 1140 3258 angulata31ami
1186 3197 1510 3260 compressi,
1549 3207 1659 3256 4-
1682 3198 1747 3261 4¹
1776 3196 1935 3263 polli-

71 3273 159 3307 ces
194 3259 373 3325 longi,
412 3271 469 3308 ut
500 3262 663 3309 medii
693 3263 897 3327 apicem
924 3262 1041 3312 fere
1075 3264 1274 3312 racemi
1302 3265 1588 3332 attingant,
1628 3281 1949 3315 racemosa-

9 3384 11 3387 v
68 3328 382 3393 compositi,
436 3332 716 3380 racemulis
765 3333 1031 3396 applessis
1082 3331 1278 3381 3-—6—
1295 3331 1445 3383 floris
1494 3333 1780 3392 flexuosis,
1835 3350 1933 3400 po·

66 3396 308 3445 dunculis
346 3395 696 3448 inseiioribus
735 3399 974 3462 bissoris,
1015 3401 1385 3468 superioribus
1422 3402 1694 3462 unissoris,
1734 3402 1930 3452 lineam

65 3465 152 3514 vel
190 3465 592 3533 sesquialtetam
637 3469 814 3536 longis
861 3471 1256 3520 remotiusculis
1306 3472 1609 3539 gracilibus.
1682 3471 1931 3538 Spiculqe

10 3557 14 3565 ·
71 3535 272 3586 semine
310 3534 566 3602 Sinapeos
605 3539 867 3604 minores,
922 3539 1210 3604 obovatae,
1260 3540 1521 3606 obtusae,
1574 3552 1794 3594 erecto·
1811 3552 1929 3599 cefr-
